3084 4850
798 353 964 423 un.
1007 351 1128 424 111.
1204 350 1956 426 emtoNoLonUs.
2340 353 2492 429 791

221 526 544 610 reperisse
562 524 723 587 intra
741 543 893 606 quaa
906 522 1276 585 Athanasius
1296 520 1669 604 patriarchio
1690 540 2046 585 excessurus
2067 522 2289 607 scripta
2312 541 2498 604 quae-

224 615 397 681 dam
430 613 793 690 incluserat,
833 620 1022 693 prout
1042 610 1220 673 'idem
1254 619 1615 673 narraverat
1647 630 1700 676 e.
1731 614 1818 677 22
1845 618 1909 671 et
1935 614 2021 677 28
2065 609 2107 672 l.
2132 613 2195 674 2.
2279 608 2376 672 his
2409 611 2497 673 sic

225 702 502 786 prolatis
536 697 765 761 chartis
791 697 1106 760 turbatum
1151 696 1541 760 vehementer
1565 697 1982 760 Andronicum
2024 696 2208 758 fixisse
2239 708 2497 781 propter

223 795 651 852 memoratum
687 784 812 847 illic
845 784 1169 847 anathema
1206 785 1283 845 ab
1318 783 1650 846 Athanasio
1679 784 1979 846 intortum
2002 783 2070 845 in
2105 782 2496 848 adversantes

225 875 382 938 αἱδί.
464 874 671 954 ἰῑιςςιο
701 871 980 954 allegasse
1010 882 1210 934 certos
1234 871 1510 934 homines
1552 872 1633 933 ad
1657 869 2057 933 Athanasium
2098 871 2388 955 privatim
2429 875 2497 933 in

226 960 616 1025 monasterio
657 960 1003 1042 degentem,
1046 959 1157 1040 qui
1200 977 1280 1021 ex
1321 980 1394 1022 eo
1436 960 1732 1025 rescirent
1771 981 1849 1020 an
1881 967 1949 1020 et
1988 979 2112 1040 quo
2140 957 2343 1023 animo
2380 958 2497 1020 iata

225 1066 662 1197 2¹:⁸1v'31''m'
558 1044 848 1218 ²930?
850 1045 1645 1216 Ἥὲἒὲᾞιέΐῗῖῗζι
1653 1067 1857 1195 ἐἒῑζζ
1864 1054 2312 1215 3⁹:223ss
2333 1065 2503 1194 ⁰32¹:

230 1220 540 1304 temporis
570 1221 689 1300 ait,
731 1221 954 1282 menaia
980 1221 1206 1302 Aprilis
1234 1230 1298 1283 et
1322 1220 1676 1282 indictionis
1709 1225 1781 1287 11
1816 1222 1898 1302 (p.
1927 1223 2053 1288 266
2082 1241 2141 1283 v.
2170 1219 2298 1303 18).
2382 1219 2502 1302 igi-

230 1319 355 1372 tnr
383 1308 452 1371 id
478 1308 796 1390 contigerit
820 1328 983 1370 anno
1012 1307 1238 1372 Christi
1269 1311 1460 1383 1298,
1507 1327 1630 1388 quo
1657 1307 2054 1368 certissimum
2087 1319 2179 1368 est
2204 1305 2499 1373 indictio-

229 1414 391 1458 nem
421 1402 500 1463 11
527 1395 709 1457 fuisse
738 1404 1119 1457 numeratam
1154 1396 1400 1457 Graecis
1434 1415 1471 1457 a
1497 1394 1840 1479 Septembri
1882 1395 2026 1456 anni
2066 1393 2500 1477 praecedentia,

231 1481 477 1544 Latinis
507 1502 546 1543 a
569 1481 845 1543 kalendis
864 1482 1178 1548 Ianuariis.
1229 1482 1389 1545 illud
1408 1481 1512 1545 hic
1535 1482 1805 1544 occurrit
1827 1480 2300 1559 incommodum,
2329 1480 2499 1560 quod

229 1570 461 1632 literae
481 1569 632 1629 istae
643 1567 959 1631 Athanasii
985 1571 1412 1633 declaratricea
1435 1568 1654 1631 mentia
1675 1568 1803 1631 eiua
1821 1588 2028 1630 mense
2045 1568 2287 1630 demum
2304 1566 2501 1650 Aprili

230 1664 392 1739 post
426 1655 841 1718 inventionem
876 1654 1229 1719 chartarum
1270 1656 1762 1719 absconditarum
1790 1664 2010 1718 octavo
2045 1656 2508 1736 consignentur,

234 1763 391 1806 cum
419 1750 554 1803 tota
583 1743 856 1804 narratio
886 1741 1161 1805 hi‘storici
1188 1743 1567 1806 demonstret
1605 1744 1800 1806 multo
1832 1742 2077 1806 brevius
2104 1741 2368 1824 epatium
2392 1740 2496 1809 in-

232 1828 587 1892 tercessisse
623 1830 786 1891 inter
811 1831 1166 1913 scrupulum
1203 1831 1501 1893 insertum
1534 1841 1596 1893 et
1625 1830 1899 1892 evulsum
1928 1829 2126 1893 animo
2163 1828 2498 1910 imperato-

230 1916 348 1979 ria.
439 1914 686 1979 omnino
729 1916 914 1979 credo
949 1917 1239 1980 mendum
1278 1917 1383 1980 hic
1414 1938 1541 1981 ease
1568 1918 1631 1979 in
1667 1916 1908 1980 duobus
1945 1916 2212 1997 alioquin
2252 1916 2497 1997 optimis

234 2002 555 2066 codicibus
582 2002 963 2084 Pechyrneris
991 2006 1042 2068 B
1069 2008 1132 2067 et
1153 2005 1208 2067 Δ
1238 2004 1464 2068 diserte
1483 2004 1848 2069 habentibus
1876 2002 2023 2088 μηνὶ
2048 1997 2402 2089 Ἀπριλλίῳ,
2432 2013 2497 2067 et

233 2089 414 2174 apud
450 2110 644 2153 unum
672 2089 1028 2154 Vaticanum
1060 2110 1273 2156 veram
1305 2091 1487 2155 buius
1517 2092 1637 2155 loci
1663 2102 1874 2153 extare
1910 2090 2244 2158 lectionem.
2329 2090 2396 2150 in
2420 2109 2496 2152 eo

232 2177 406 2240 enim
444 2176 666 2258 legitur
705 2176 857 2260 μηνὶ
883 2180 1287 2262 Σωτεμβρίφ
1315 2179 1701 2254 ἰνδικτιῶνος
1729 2173 1833 2253 αἱ,
1875 2175 1997 2238 hoc
2037 2185 2125 2237 est
2152 2198 2353 2241 meme
2374 2177 2498 2237 Se*-

222 2262 509 2349 ptembn'
541 2261 908 2324 indictionis
949 2269 1049 2330 11.
1091 2264 1462 2346 Septembris
1504 2265 1692 2345 igitur
1739 2262 1909 2324 initio
1946 2263 2092 2325 anni
2133 2261 2274 2327 Chr.
2307 2266 2497 2340 1297,

235 2370 371 2433 quo
410 2349 534 2409 iam
560 2348 776 2409 Graeci
820 2349 1215 2411 indictionem
1249 2356 1330 2421 11
1367 2369 1689 2412 numerare
1731 2370 1840 2411 auo
1878 2367 2050 2413 more
2093 2348 2497 2431 occupabant,

234 2444 523 2519 repertae
548 2433 794 2497 chartae
814 2437 965 2499 istae
997 2438 1263 2519 fuerint,
1304 2448 1443 2523 post
1468 2459 1696 2522 paucos
1720 2457 1868 2502 vero
1899 2437 2027 2499 dies
2050 2436 2264 2499 eodem
2287 2456 2498 2498 menae

233 2524 459 2586 literae
480 2520 790 2584 Athanasii
828 2544 978 2605 quaa
1017 2524 1287 2589 diximus
1326 2526 1723 2611 conscriptae.
1806 2526 1927 2593 suit
1967 2534 2172 2589 autem
2203 2525 2257 2586 ia
2297 2544 2494 2587 annua

233 2611 497 2675 Cumae
516 2609 964 2694 patriarchatus
986 2621 1263 2694 quartus.

989 2832 1548 2914 CAPUT
1651 2836 1743 2916 V.

236 2974 353 3037 De
392 2972 581 3034 lemae
604 2970 939 3053 desectione
977 2976 1167 3038 totali
1200 2975 1744 3059 Constantinopoli
1781 2978 1927 3038 vica
1954 2973 2056 3036 die
2086 2973 2167 3042 14
2196 2973 2491 3039 Ianuarii

332 3078 502 3120 armo
536 3059 776 3123 Christi
810 3067 977 3131 1802
989 3109 1011 3144 ,
1052 3083 1247 3146 quam
1288 3060 1584 3129 describit
1609 3062 2012 3146 Pachymree
2048 3063 2098 3129 l.
2122 3058 2164 3127 4
2209 3082 2266 3124 c.
2300 3065 2402 3127 15.

417 3215 467 3279 1.
550 3216 695 3279 Fuit
711 3216 950 3281 loannis
970 3219 1221 3284 Gosmu
1240 3218 1694 3302 patriarchatus
1717 3219 1833 3281 alia
1856 3238 2095 3300 quoque
2127 3216 2489 3299 conspicuus

240 3301 494 3365 coelesti
536 3314 720 3383 nota,
759 3324 833 3366 eo
873 3304 977 3366 hic
1011 3326 1048 3364 a
1083 3305 1259 3367 nobis
1292 3305 1724 3390 pertractanda
1761 3306 2120 3387 diligentius,
2163 3303 2329 3384 quod
2362 3305 2493 3368 eiua

242 3389 653 3453 consideratio
685 3403 964 3474 speretur
996 3391 1420 3460 redundatura
1460 3394 1527 3456 in
1569 3415 1693 3455 non
1735 3393 1981 3473 vulgare
2017 3392 2495 3461 stabilimentum

242 3474 808 3561 chronologicarum
849 3479 1100 3541 huiusce
1140 3482 1328 3543 totius
1364 3481 1654 3550 historiae
1708 3481 2032 3544 rationum.
2130 3482 2269 3541 loco
2295 3477 2483 3541 modo
2519 3485 2568 3541 t·
2601 3483 2706 3542 573

241 3562 556 3643 indicato,
621 3567 910 3630 nimirum
957 3588 1019 3651 p.
1064 3573 1193 3636 806
1240 3590 1300 3634 v.
1345 3574 1420 3646 8,
1495 3569 1704 3630 scribit
1750 3578 1973 3631 noster·
2006 3566 2335 3629 historicus
2382 3586 2491 3628 eo-

243 3649 391 3712 dem
417 3670 580 3713 anno
609 3654 781 3717 citius
811 3663 950 3739 post
976 3655 1423 3737 aequinoctium
1450 3655 1801 3717 autumnale
1830 3664 2060 3721 cometa
2089 3654 2489 3738 praecedente

241 3736 448 3819 capite
472 3739 808 3823 descriptus
842 3753 1242 3827 apparuerat,
1282 3744 1565 3806 Ianuario
1592 3754 1871 3805 currente
1885 3789 1906 3823 ,
1952 3764 2091 3805 cun
2120 3742 2354 3824 primus
2382 3740 2488 3802 lu·-

241 3842 362 3885 uae
399 3844 438 3885 a
474 3827 791 3892 novilunio
823 3851 1170 3912 progressus
1203 3831 1380 3894 simul
1417 3852 1558 3893 cum
1586 3831 1688 3893 illo
1727 3852 1930 3892 menae
1956 3829 2300 3911 incepisset,
2344 3847 2487 3890 eum

240 3909 552 3993 planetam
576 3915 907 3996 plenilunio
939 3918 1004 3979 in
1039 3918 1369 3998 deliquium
1394 3918 1694 3996 incidisse,
1713 3929 1904 4001 prout
1923 3915 2271 4000 imperatori
2301 3935 2489 3996 prae-

241 3996 535 4061 dixerant
560 4006 1098 4069 astronomicarum
1125 4006 1305 4088 periti
1328 4007 1636 4069 rationum
1651 4055 1670 4087 ,
1715 4026 1932 4090 nempe
1962 4005 2048 4070 ita
2074 4012 2148 4065 ut
2173 3999 2489 4065 obscurari

242 4086 514 4166 coeperit
555 4089 682 4150 fere
722 4094 902 4155 tertia
945 4094 1144 4156 noctis
1182 4092 1370 4173 hora,
1414 4114 1452 4154 a
1494 4102 1671 4175 parte
1713 4094 1863 4158 disci
1904 4090 2134 4155 lunaria
2170 4088 2489 4167 Orientali,

240 4172 659 4257 paulatimque
682 4196 793 4258 per
820 4179 1008 4242 horae
1034 4182 1299 4264 spatium
1328 4181 1576 4261 caligine
1606 4182 2008 4261 subintrante,
2050 4196 2300 4261 prorsus
2321 4176 2490 4237 intra

243 4258 527 4324 umbram
553 4260 703 4323 luna
730 4274 863 4329 tota
889 4267 1199 4351 absorpta,
1240 4269 1413 4351 nigra
1435 4267 1770 4351 perstiterit
1801 4267 1989 4340 horae
2018 4265 2262 4338 triente.
2346 4270 2491 4346 poet

241 4346 415 4429 quod
453 4367 764 4414 resumens
801 4354 971 4416 lento
999 4375 1352 4438 progressu,
1394 4372 1434 4415 a
1468 4354 1655 4424 limbo
1681 4356 1833 4428 coeli
1862 4354 2024 4439 parti
2047 4350 2346 4420 Orientali
2372 4349 2490 4412 ob-

243 4453 445 4517 verso,
484 4434 801 4520 perditum
823 4441 1050 4525 lumen,
1091 4451 1228 4506 tota
1249 4441 1472 4506 sensim
1493 4439 1654 4505 hora
1673 4444 1935 4508 tenebris
1958 4459 2287 4523 emergens,
2330 4456 2486 4521 pm·-
