3084 4850
872 429 1037 501 un.
1086 428 1203 502 111.
1308 425 2064 501 OERONOLOGIGUS.
2458 425 2613 499 859

344 598 497 694 Aci-3}
559 596 815 692 'ism
851 591 1109 693 Πνῶιῐῑῡ-
1265 594 1366 660 Ex
1413 598 1703 663 universa
1745 597 2048 661 Orientsli
2093 598 2445 672 continente
2494 598 2619 659 im-

583 700 778 745 ane-n.
1180 704 1347 767 pune
1379 706 1415 746 s
1445 686 1644 748 Persis
1676 685 1918 767 direpta
1959 685 2354 747 concurritur
2393 687 2459 747 in
2502 708 2622 748 ur-

318 817 350 877 1
370 813 522 880 305
559 751 814 849 ⁸⁰22*
850 748 1103 873 ⁸¹¹f3⁸¹⁶¹
1179 773 1947 856 bemConstantinopolim‚
1974 773 2119 835 inde
2148 782 2467 854 gravatam
2496 795 2624 836 nu-

862 888 1090 935 mmu,
1178 879 1351 922 mero
1386 864 1685 923 immenso
1729 864 2038 943 egentium
2084 860 2489 929 advenarum.
2577 861 2627 926 Ι.

940 952 1024 1014 12
1179 947 1223 1013 6
1257 968 1313 1008 c.
1348 952 1457 1016 21.

1310 1033 1531 1096 nio-e·
1560 1028 1910 1096 Nicomdia
1940 1043 2002 1096 et
2032 1033 2184 1095 aliae
2217 1053 2469 1115 magnae
2503 1053 2623 1096 ur-

1177 1120 1307 1201 bes,
1350 1123 1718 1184 circumsitis
1744 1124 1991 1185 arcibus
2025 1131 2088 1183 et
2115 1122 2482 1184 suburbanis
2504 1142 2622 1204 pa-

1178 1210 1266 1290 gis
1317 1207 1390 1269 in
1449 1209 1859 1272 barbarorum
1918 1218 2287 1295 potestatem
2339 1209 2623 1288 redactis,

1179 1296 1453 1357 obsessae
1482 1298 1596 1359 vix
1624 1297 1879 1365 durant.
1964 1296 2115 1361 ibid.

1266 1400 1490 1462 Atman
1516 1402 1584 1462 in
1615 1401 1931 1464 Catoeciae
1960 1400 2239 1484 partibus
2266 1401 2471 1482 copias
2496 1399 2626 1460 Ro-

1181 1507 1391 1549 manas
1432 1489 1547 1550 sub
1583 1490 1765 1550 Siuro
1808 1486 2313 1578 stratopedarcha
2345 1489 2626 1548 interne-

1183 1576 1356 1637 cione
1384 1576 1568 1638 delet.
1627 1576 1775 1637 inde
1799 1592 2002 1639 arcem
2031 1577 2349 1638 Belocoma
2378 1574 2627 1652 dictam,

1181 1663 1646 1725 munitissimam
1673 1673 1737 1724 et
1762 1666 1927 1725 omni
1954 1671 2256 1747 apparatu
2279 1662 2627 1724 instructis-

1182 1750 1426 1827 simam,
1475 1760 1774 1832 occupst;
1836 1772 1959 1833 qua
2007 1749 2238 1835 praeda
2294 1750 2626 1811 ditissimus

1183 1836 1415 1899 evadit.
1500 1837 1652 1901 ibid.

1270 1941 1487 2002 Persae
1526 1963 1563 2002 a
1591 1941 1829 2003 Marule
1870 1941 2027 2003 duce
2051 1942 2333 2003 Romano
2376 1940 2456 2003 ad
2486 1949 2628 2001 tur-

1184 2028 1304 2091 rim
1327 2029 1612 2090 Gulielmi
1637 2031 1863 2091 dictam
1892 2030 2267 2091 caeduntur:
2312 2029 2420 2089 sed
2449 2038 2632 2111 parta

1186 2136 1270 2177 ex
1301 2115 1396 2176 his
1427 2119 1620 2199 spolia
1660 2118 1933 2179 Catelani
1974 2118 2314 2180 victoribus
2343 2117 2635 2178 Romanis

1187 2204 1481 2282 eripiunt.
1568 2204 1715 2265 ibid.

1273 2288 1602 2348 Horrenda
1648 2289 1929 2367 exempla
1980 2288 2365 2349 crudelitatis
2423 2288 2634 2349 avari-

1188 2376 1309 2435 tiae
1379 2374 1653 2438 libidinis
1727 2397 1763 2437 a
1815 2375 2123 2437 Catelsnis
2184 2374 2352 2437 edita
2407 2375 2634 2458 Cyzici.

1186 2461 1338 2527 ibid.

1276 2549 1491 2630 vigilia
1529 2550 1951 2627 Pentecostes‚
2009 2548 2200 2612 Nonis
2251 2550 2380 2610 sive
2418 2549 2637 2630 quinto

1194 2638 1292 2698 die
1319 2637 1478 2699 Iunii
1503 2649 1750 2699 creatur
1767 2638 2004 2700 Perusii
2035 2638 2314 2720 pontifex
2338 2638 2637 2698 Bertran-
2674 2632 2718 2687 P
2751 2632 2858 2688 623

1195 2726 1313 2787 dus
1346 2725 1423 2787 de
1458 2725 1673 2807 Agutis
1704 2726 2195 2807 archiepiscopus
2225 2726 2642 2807 Burdegalen-

1195 2816 1296 2893 sis,
1340 2813 1448 2894 qui
1475 2813 1735 2897 sumpsit
1762 2833 1987 2875 nomen
2025 2814 2353 2874 Clementis
2376 2814 2455 2880 V.

547 2902 832 2989 ’σιω-ειη·
1284 2917 1654 2980 Rontzerius
1686 2919 1880 2979 sciens
1910 2939 1974 2980 se
2013 2930 2076 2979 et
2105 2938 2249 2978 snos
2276 2917 2449 2998 gravi
2477 2918 2638 2978 insa-

688 2995 737 3115 ’Ξ
1191 3006 1317 3067 mia
1362 3007 1427 3066 in
1468 3006 1611 3066 aula
1649 3005 1965 3084 laborare,
2009 3006 2179 3087 quod
2208 3006 2412 3086 Cyzici
2442 3006 2638 3066 otiose

1198 3104 1263 3154 et
1289 3093 1585 3174 flagitiose
1610 3091 1997 3175 desiderent,
2041 3093 2286 3154 interim
2331 3091 2479 3153 dum
2514 3092 2637 3153 ho-

1199 3191 1321 3241 stes
1363 3181 1612 3263 impune
1655 3202 1765 3262 per
1815 3182 2051 3262 imperii
2106 3180 2454 3259 provincias
2507 3181 2637 3240 cius

1197 3276 1436 3329 tractus
1455 3269 1790 3331 volitantes
1820 3274 2004 3330 etiam
2026 3264 2506 3348 Philadelphiam
2533 3289 2640 3326 ca-

1197 3357 1342 3417 stris
1369 3356 1600 3417 circum
1617 3358 1826 3437 positis
1847 3364 2194 3418 commeatu
2212 3355 2520 3416 exclusam
2545 3357 2640 3417 sa-

1199 3462 1296 3503 me
1326 3442 1410 3502 ad
1439 3443 1810 3508 deditionem
1846 3444 2206 3525 compellere
2248 3452 2640 3518 conarentur,

1200 3531 1795 3615 Constantinopolim
1847 3533 1961 3592 sub
2011 3531 2191 3591 finem
2253 3530 2440 3592 liuius
2498 3532 2643 3592 sinii

551 3656 567 3936 ι
1198 3617 1645 3700 proficiscitur,
1685 3630 1747 3680 et
1777 3620 1863 3681 ibi
1894 3617 2167 3697 Augusto
2207 3620 2426 3699 allegat
2463 3640 2646 3680 rccu-

1200 3726 1360 3765 sasse
1397 3707 1621 3768 milites
1667 3709 1734 3769 in
1795 3707 2037 3768 hostem
2097 3708 2351 3768 tendere
2399 3717 2639 3788 propiet

1203 3793 1501 3875 stipendia
1533 3817 1660 3857 non
1697 3796 1918 3862 soluta.
2009 3794 2129 3855 hoc
2165 3795 2523 3875 intelligitur
2567 3815 2646 3855 cx

1204 3901 1258 3941 c.
1283 3887 1360 3948 21
1394 3881 1435 3944 l.
1467 3884 1529 3950 6.

384 4104 401 4162 1
418 4108 544 4165 500

714 4108 757 4168 2
914 4088 1110 4133 s-dron.
1301 4090 1668 4166 Rontzerius
1725 4089 1912 4153 huius
1961 4092 2103 4152 sunni
2151 4091 2352 4173 primo
2403 4090 2502 4149 vel
2550 4112 2648 4148 sc-

894 4150 1103 4273 ἪΞΞΜ
1211 4178 1415 4264 cundo
1446 4202 1673 4256 mense,
1717 4179 1890 4239 facilc
1919 4178 2192 4260 purgatis
2224 4178 2388 4260 apud
2423 4177 2613 4237 crcdu
2633 4215 2646 4221 -

893 4265 905 4273 ’
972 4289 1051 4351 13
1110 4258 1122 4272 ⁸
1211 4267 1339 4327 lum
1368 4278 1430 4327 et
1466 4270 1581 4329 sibi
1611 4268 1928 4329 addictum
1968 4269 2398 4349 iuqmratorcm
2439 4267 2646 4325 crium·

1212 4355 1560 4418 nationibus
1589 4358 1682 4417 sui
1712 4376 1783 4415 nc
1812 4377 2066 4416 suorum
2084 4405 2105 4433 ,
2148 4354 2439 4435 grunnit-m
2470 4356 2648 4412 etism

1212 4443 1290 4501 ab
1316 4464 1389 4504 co
1424 4443 1781 4525 impetravit
1814 4445 2132 4524 pecuniam
2163 4444 2368 4520 (cuius
2412 4450 2646 4521 partem

1212 4550 1494 4611 praesens
1525 4533 1794 4615 acecpit,
1836 4532 2085 4592 alterius
2117 4551 2264 4592 vcro
2303 4538 2467 4589 certa
2496 4549 2644 4609 pro-

562 4453 573 4581 ‘mo-⁴
