3084 4850
905 978 1372 1077 Pmffws
1452 977 2042 1070 possmus

687 1155 777 1255 L
933 1149 1087 1276 E·
1178 1147 1260 1255 G
1421 1146 1520 1252 T
1676 1147 1775 1255 Ο
1933 1150 2029 1251 Β
2186 1149 2277 1269 I.

364 1572 418 1637 1.
522 1535 890 1659 Dispungo
944 1592 1085 1636 ecce
1135 1591 1260 1636 non
1300 1583 1481 1637 vetus
1519 1592 1788 1652 nomen3
1833 1581 1896 1635 et
1933 1592 2118 1658 quam
2157 1568 2382 1636 debere
2424 1582 2567 1636 ante
2619 1623 2627 1632 .

360 1677 486 1739 hoc
538 1676 860 1739 biennium
912 1695 1233 1763 coeperam
1285 1686 1524 1763 partem
1578 1677 1832 1738 alteram
1884 1672 2402 1757 Pacbymerianae
2461 1676 2567 1739 hi-

361 1779 622 1858 storiae,
691 1776 857 1841 haud
907 1777 1095 1841 nimis
1147 1798 1281 1841 sera
1299 1825 1317 1857 ‚
1385 1778 1442 1841 si
1493 1779 1699 1843 moles
1757 1777 2111 1841 aestimetur
2154 1779 2395 1864 operis,
2459 1799 2567 1842 so-

360 1881 601 1944 lutione
653 1892 1059 1967 repraesento.
1132 1878 1416 1943 describit
1468 1900 1542 1944 ea
1597 1902 1713 1945 sex
1768 1891 1834 1943 et
1888 1880 2105 1968 viginti
2155 1882 2394 1967 priores
2449 1900 2566 1944 an-

362 2004 485 2047 nos
536 1983 782 2070 imperii
836 1974 1164 2046 Andronici
1215 1980 1595 2064 Palaeologi,
1681 1985 1761 2046 ab
1829 1984 1952 2070 ipsi
2011 1984 2379 2064 cognomine
2448 2005 2566 2047 ne-

361 2097 515 2173 pote
582 2078 695 2149 nec
765 2084 947 2151 valde
1013 2082 1309 2167 concorde
1381 2087 1620 2167 collega
1688 2088 1872 2168 vulgo
1941 2085 2232 2169 distingui
2301 2087 2565 2153 senioris

360 2186 649 2254 adiuncto
716 2187 908 2252 soliti.
1009 2199 1103 2254 cst
1169 2189 1322 2251 haec
1373 2187 1780 2253 infelicissimi
1835 2189 2203 2276 principatus
2254 2191 2463 2272 imago
2524 2212 2563 2255 a

360 2302 576 2355 nostro
628 2290 919 2355 historico
976 2293 1263 2369 formata,
1323 2291 1520 2373 magis
1576 2291 1921 2355 conditione
1978 2294 2321 2375 argumenti
2377 2312 2563 2379 quam

359 2394 616 2476 ingenio
686 2394 1022 2481 pingentis,
1109 2392 1546 2459 Parrhasiame
1602 2395 1768 2461 illius
1821 2395 2074 2477 similis,
2154 2418 2273 2483 qua
2325 2385 2562 2463 Plinius

363 2508 615 2565 testatur
668 2496 893 2560 demon
910 2544 928 2576 ‚
1000 2497 1135 2562 sive
1186 2501 1482 2586 populum
1496 2546 1516 2578 ,
1586 2498 2025 2576 Atheniensem
2078 2502 2157 2562 ab
2211 2500 2332 2564 isto
2384 2521 2559 2563 sum-

359 2620 472 2664 mo
526 2601 752 2664 artifice
806 2621 895 2664 sic
952 2598 1370 2665 adumbratum
1390 2649 1408 2681 ‚
1473 2613 1539 2665 ut
1591 2624 1799 2667 mores
1862 2603 1996 2666 eius
2048 2614 2375 2691 motusque
2390 2649 2410 2684 ,
2474 2602 2558 2665 li-

361 2716 459 2767 cet
516 2703 677 2767 inter
730 2724 869 2768 sese
920 2705 1199 2767 contrarii
1215 2753 1233 2784 ,
1289 2706 1474 2768 simul
1529 2717 1736 2770 tamen
1788 2707 1856 2768 in
1910 2706 2111 2768 tabula
2154 2706 2250 2769 sui
2305 2725 2560 2770 sensum

359 2806 629 2886 cierent3
710 2818 1180 2893 agnosceretque
1251 2829 1377 2874 uno
1441 2810 1662 2872 intuitu
1735 2819 2037 2897 spectator
2115 2808 2380 2871 eundem
2442 2829 2559 2874 va-

357 2909 521 2973 rium
574 2921 638 2973 et
691 2921 1102 2989 constantem,
1154 2910 1520 2974 iracundum·
1566 2923 1629 2975 et
1680 2913 2057 2975 exorabilem
2075 2957 2094 2990 ,
2151 2912 2446 2974 iniustum
2491 2921 2559 2973 et

358 3013 756 3092 clementem,
840 2997 1176 3095 gloriosum
1245 3025 1311 3077 ct
1374 3014 1671 3077 humilem
1690 3062 1708 3094 ‚
1792 3003 2057 3076 ferocem
2129 3024 2191 3075 et
2256 3016 2557 3093 fugacem.

358 3115 494 3202 pari
551 3115 855 3201 siquidem
906 3117 1225 3202 exemplo,
1279 3112 1428 3178 dum
1484 3117 1715 3180 sincera
1764 3116 2105 3178 narratione
2159 3127 2369 3178 noster
2423 3115 2556 3177 An-

358 3215 595 3282 dronici
644 3228 774 3280 acta
830 3218 1152 3304 exprimit,
1229 3238 1420 3300 unum
1471 3217 1678 3306 ipsum
1721 3219 2001 3298 exhibet,
2078 3218 2221 3280 hinc
2275 3215 2555 3282 audacis-

360 3320 591 3385 simum
647 3319 961 3402 religionis
1007 3331 1518 3410 contemptorem,
1570 3322 1738 3386 illinc
1780 3320 2377 3409 superstitiosissime
2418 3323 2554 3384 sor-

357 3423 770 3503 midolosum3
818 3426 1176 3511 plerumque
1215 3426 1523 3490 solicitum
1568 3424 2002 3490 discordiarum
2042 3425 2331 3488 ecclesiae
2378 3443 2553 3487 com-

358 3525 777 3613 ponendarum
794 3573 812 3606 ,
873 3549 1027 3591 mox
1081 3529 1692 3594 vehementissimum
1744 3527 2205 3594 disturbatorem
2261 3526 2550 3589 concilia-

358 3637 461 3692 tae
508 3640 600 3692 tot
646 3630 948 3694 laboribus
1007 3653 1044 3694 a
1074 3642 1267 3718 ,patre
1320 3631 1487 3720 pacis
1542 3633 1965 3709 ecclesiarum3
2014 3626 2343 3715 aliquando
2387 3630 2550 3710 frugi

359 3747 433 3791 ac
483 3752 769 3817 parcum,
843 3735 1050 3797 statim
1105 3733 1473 3799 effusissime
1515 3734 1878 3821 prodigum3
1954 3752 2201 3818 semper
2254 3732 2550 3798 versutis-

361 3831 589 3900 simum
661 3835 727 3898 iu
814 3836 1261 3918 excogitatione
1337 3841 1642 3919 rationum
1723 3834 1886 3923 quod
1965 3835 2151 3899 vellet
2225 3832 2550 3913 efficiendi,

358 3953 692 4021 numquam
752 3959 880 4002 non
944 3937 1573 4025 imprudentissimum
1626 3941 1692 4003 in
1747 3938 2044 4003 electione
2116 3938 2547 4020 consiliorum3

359 4040 703 4123 [requenter
726 4061 740 4070 ·
768 4062 949 4129 supra
1014 4040 1269 4106 modum
1337 4044 1722 4107 affectantem
1788 4045 2021 4106 samam
2091 4041 2349 4104 officiosi
2405 4059 2548 4121 erga

360 4138 731 4205 domesticos
747 4189 767 4223 ,
848 4167 961 4211 nec
1024 4167 1163 4209 raro
1214 4146 1407 4210 ferina
1459 4146 1775 4233 impietate
1831 4144 2329 4222 debacchantem,
2401 4142 2548 4208 vio-

362 4240 560 4309 landis
609 4245 746 4309 sine
793 4258 1064 4336 respectu
1109 4247 1653 4318 necessitudinibus
1700 4248 2127 4327 sanctissimis,
2179 4247 2385 4333 utique
2441 4244 2550 4331 qui

362 4364 485 4414 non
536 4345 731 4411 modo
776 4370 901 4413 non
966 4352 1048 4416 sit
1104 4351 1333 4417 veritus
1395 4351 1803 4418 amentissimi
1860 4362 1922 4415 et
1984 4350 2172 4414 nimis
2221 4350 2288 4413 in
2338 4349 2548 4436 ipsum

360 4447 614 4514 benefici
673 4452 942 4538 pur-cutis
988 4455 1354 4522 maneriam
1405 4457 1584 4523 iustis
1639 4454 1989 4522 funebribus
2041 4451 2357 4534 fraudare3
2410 4468 2545 4514 rna-
