3084 4850
692 398 841 469 294
1321 400 1677 471 GEORGII
1732 404 2264 474 PACHYMERIS

691 576 819 637 τῶν
871 572 943 638 δὲ
988 571 1448 656 σκυλευομένων
1485 569 1917 657 α’ναποδότως,
1983 578 2086 642 καὶ
2126 575 2550 663 αἰχμαλωσίας
2576 577 2868 669 τοσαύτης

691 698 758 740 τε
790 676 892 740 καὶ
917 670 1210 759 τοιαότης
1237 673 1418 759 χάριν
1444 683 1646 744 ταῦτα
1678 676 1938 766 πράττοι
1983 682 2084 746 καὶ
2114 682 2297 783 πικροὶ
2311 680 2559 769 γνώμην
2582 687 2685 751 καὶ
2708 686 2868 773 παρὰ

611 786 659 840 D
696 778 954 862 θέλησιν
975 797 995 817 ·
1043 778 1241 844 πολλὰ
1264 778 1383 866 γὰρ
1409 783 1512 845 καὶ
1541 777 1784 868 εἰρήνην
1812 778 2054 849 ἀνύτειν
2080 781 2199 850 ὅσα
2231 788 2484 873 σίδηρος
2518 785 2633 854 οὔκ
2662 785 2864 873 ἰσχύει,

685 883 788 947 καὶ
817 878 1092 958 σπονδὰς
1137 879 1624 969 καταπράττειν,
1669 887 1769 949 καὶ
1794 881 1975 968 μόλις
2008 885 2125 965 τὰς
2153 889 2222 953 ἐκ
2250 894 2375 955 τῶν
2403 886 2618 973 γάμων
2646 916 2866 957 συντα·

685 979 1062 1061 κτικωτάτας
1099 984 1294 1062 οὔσας
1332 987 1433 1050 καὶ
1478 985 1812 1074 ἀσφαλεῖς,
1862 985 1979 1056 ὅσα
2004 990 2094 1074 μὴ
2121 987 2318 1074 μάχαι
2342 994 2440 1057 καὶ
2469 989 2736 1075 πόλεμος
2764 993 2904 1061 οῧ-ξ»

684 1113 911 1168 μενουν
937 1085 1418 1173 κατεπράξαντο.
1523 1089 1600 1156 οὗ
1642 1092 1768 1176 μὴν
1793 1093 1830 1157 d
1848 1090 1867 1118 '
1902 1085 2093 1170 αὖθις
2120 1095 2221 1159 καὶ
2250 1091 2456 1177 νόμων
2483 1097 2546 1171 ἐς
2578 1095 2746 1162 ἅπαν
2775 1098 2865 1162 ἔκ-

682 1186 820 1270 τός,
875 1187 960 1267 ὦς
991 1189 1182 1257 αὐτὸν
1225 1190 1468 1258 οἴεσθαι
1486 1241 1505 1272 ,
1562 1191 1875 1281 πράττειν.
1979 1199 2171 1281 δῆλον
2205 1197 2327 1284 γὰρ
2357 1196 2506 1263 εἶναι
2533 1202 2636 1264 καὶ
2666 1196 2865 1266 κανόσι

681 1296 781 1360 καὶ
809 1290 1021 1376 νόμοις
1053 1296 1601 1380 προστεταγμένον,
1638 1297 1727 1382 μὴ
1763 1296 1839 1362 ἂν
1866 1300 2270 1387 ἓκχωρεῒσθαι
2298 1300 2405 1367 τὸν
2432 1299 2693 1385 νόμιμον
2722 1301 2865 1387 ἀγα-

662 1395 931 1507 γόμενον
956 1394 1191 1480 ταύτην
1217 1399 1330 1480 μέν
1359 1398 1603 1484 ἀφεῖναι
1629 1400 1801 1487 παρὰ
1829 1403 2135 1486 μηδεμίαν
2160 1403 2362 1469 αἰτίαν
2387 1402 2659 1490 εὔλογον,
2713 1432 2864 1487 συμ-

673 1500 1010 1566 πλέκεσθαι
1040 1499 1110 1565 δ’
1146 1500 1339 1587 ἄλλῃ·
1393 1504 1448 1567 εἰ
1476 1503 1550 1568 δέ
1570 1528 1660 1579 τις
1689 1500 1963 1592 τολμώῃ,
2014 1506 2216 1571 αἰτίαν
2239 1507 2353 1588 μὲν
2388 1511 2665 1590 μοιχείας
2699 1507 2864 1574 ‹inol-
2879 1512 2931 1566 1⁰

597 1610 645 1663 E
685 1610 912 1671 σεσθαι
949 1602 1057 1669 τὸν
1092 1610 1439 1685 τολμῶντα,
1478 1605 1593 1688 τὴν
1629 1608 1699 1671 δὲ
1724 1609 2074 1692 συνοίκησιν
2101 1605 2251 1674 εἶναι
2278 1605 2663 1694 παράνομον,
2721 1610 2866 1679 ὥστε

672 1714 783 1791 τῆς
815 1701 1062 1793 πρώτης
1089 1706 1475 1792 ἥθετημὲνης
1510 1711 1612 1774 καὶ
1644 1706 1872 1793 ζώσης,
1936 1708 2171 1788 ὁπόσας
2195 1711 2564 1778 τούντεῦθεν
2593 1710 2862 1799 ἠγάγετο,

671 1810 760 1894 μὴ
789 1810 1204 1895 ἓγκεκριμίνας
1239 1821 1367 1888 τοῖς
1395 1809 1609 1894 νόμοις
1635 1812 1796 1896 μηδ’
1831 1815 1896 1879 ἓν
1923 1818 2158 1897 γυναιξὶ
2197 1818 2476 1898 νομίμοις
2512 1812 2864 1883 τάττεσθαι.

674 1913 759 1996 “1')
791 1912 864 1978 οὐ
893 1913 1095 1979 ταῦθ’
1139 1912 1304 1980 οὕτω
1334 1916 1435 1978 καὶ
1461 1915 1523 1979 ἐν
1555 1912 1702 1998 ἡμῖν
1732 1915 1929 2000 ἔ’χει,·”
1982 1921 2170 2005 φησὶν
2211 1915 2242 1984 ὅ
2281 1923 2545 2002 κρατῶν.
2660 1927 2863 1984 απον--

671 2013 875 2082 θάνον
905 2023 1235 2101 τοιγαροῦν
1262 2022 1386 2082 τῶν
1416 2014 1703 2098 εἰδότων,
1759 2022 1859 2083 καὶ
1889 2028 2119 2096 πιστῶς
2162 2018 2445 2099 μάνθανε
2490 2018 2576 2097 ὥς
2619 2022 2732 2088 οὐκ
2757 2022 2863 2088 ὄλ·
2876 2026 2929 2082 15

667 2125 791 2195 λως
829 2116 977 2203 ᾗμῖν
1020 2120 1247 2205 ἐγένετο
1298 2121 1766 2198 καταδξασθαι
1806 2123 1878 2187 τὸ
1925 2122 2328 2209 συνάλλαγμα
2342 2171 2365 2205 ,
2411 2125 2465 2189 εἰ
2490 2124 2582 2208 μὴ
2628 2127 2728 2190 καὶ
2762 2125 2863 2211 ὅρ-

458 2229 499 2281 Ρ
534 2232 640 2288 203
676 2247 821 2300 κους
863 2223 1009 2299 τούς
1052 2222 1336 2308 πρέσβεις
1375 2222 1942 2317 προσαπῃτῆσαμεν
1981 2233 2311 2308 βεβαιοῦν,
2377 2219 2434 2311 ἦ
2460 2226 2591 2310 μὴν
2641 2230 2741 2292 καὶ
2783 2228 2865 2292 ἔτι

666 2335 959 2412 περιεῖναι
989 2324 1101 2411 τὴν
1133 2323 1394 2409 νόμιμον
1428 2325 1527 2393 ὅτε
1561 2334 1638 2416 τῇ
1665 2334 1781 2395 τοῦ
1817 2334 2092 2416 Τερτερῆ
2121 2331 2537 2411 συνεπλέκετο,
2596 2334 2700 2396 καὶ
2729 2330 2862 2409 ἄρτι

802 2547 852 2599 4.
886 2546 1096 2613 μᾶλλον
1115 2546 1142 2596 ζ)

664 2749 772 2785 rum
811 2732 1069 2786 Romanae
1102 2731 1311 2786 ditionis
1346 2737 1567 2797 statum,
1613 2749 1746 2802 quae
1777 2732 2145 2786 incursionibus
2177 2731 2572 2797 desolabantur,
2619 2749 2860 2786 annonam

665 2801 885 2871 denique
919 2819 983 2854 ac
1016 2802 1201 2855 victum
1240 2799 1503 2854 subiectae
1536 2802 1634 2854 sibi
1673 2801 1866 2871 plebis,
1899 2803 2318 2871 irreparabilibus
2351 2802 2602 2854 latronum
2636 2805 2863 2873 rapacis—

663 2872 900 2923 simorum
932 2870 1414 2942 depraedationibus
1448 2870 1657 2941 spoliari
1691 2878 1840 2923 antea
1872 2871 2068 2924 solitae.
2135 2878 2238 2924 tam
2273 2872 2490 2923 acerbae
2522 2872 2861 2940 oppressionis

664 2940 987 2994 miseratione
1023 2949 1209 2994 motum
1245 2959 1377 3002 sese,
1413 2941 1764 2993 invitissimum
1797 2940 1997 3009 quidem
2032 2947 2086 2993 et
2115 2940 2423 2993 inclinationi
2458 2941 2699 3012 propriae
2731 2958 2861 2992 sum·

661 3026 745 3061 ma
779 3008 831 3061 vi
868 3010 1239 3078 obluctantem,
1294 3011 1428 3080 quod
1467 3011 1730 3063 habuisset
1762 3009 2072 3063 carissimum
2105 3009 2405 3080 impendisse
2438 3010 2490 3063 in
2526 3012 2861 3062 levamentum

663 3077 767 3129 alia
812 3079 948 3131 nulla
997 3082 1196 3133 ratione
1241 3082 1553 3132 avertendae
1599 3079 1938 3142 calamitatis,
1989 3096 2198 3147 gnarum
2243 3079 2400 3132 multa
2445 3079 2861 3130 conventionibus

664 3144 824 3208 effici,
868 3164 1002 3216 quae
1036 3150 1166 3202 bello
1203 3166 1267 3202 ac
1301 3151 1438 3201 ferro
1475 3151 1668 3201 frustra
1702 3152 1977 3212 tententur,
2012 3151 2373 3230 foederumque
2405 3148 2678 3211 beneficio,
2712 3163 2861 3216 prae·

661 3214 837 3266 sertim
883 3215 948 3267 ad
995 3217 1324 3270 stabilitatem
1360 3218 1715 3270 roboratorum
1760 3217 2131 3269 necessitudine
2163 3216 2376 3285 nuptiali
2431 3219 2570 3280 (nam
2617 3216 2724 3266 isto
2771 3215 2861 3265 de-

663 3299 795 3336 mum
828 3283 1020 3352 glutine
1053 3285 1336 3337 firmissime
1371 3285 1620 3337 hominum
1656 3284 1940 3337 voluntates
1976 3286 2217 3352 coeunt),
2266 3285 2315 3336 in
2352 3300 2612 3335 commune
2645 3283 2860 3351 plurima

663 3358 719 3404 et
748 3354 994 3421 maxima,
1037 3354 1192 3424 idque
1227 3355 1501 3424 tranquille
1551 3371 1613 3407 ac
1646 3369 1859 3416 secure,
1908 3352 2181 3434 provenire
2212 3353 2551 3417 commodum,
2599 3369 2739 3420 quae
2770 3370 2861 3405 nec

662 3421 933 3477 sudoribus
998 3441 1061 3476 ac
1106 3423 1350 3493 periculis
1409 3422 1723 3492 gravissimis
1770 3421 2272 3475 laboriosis-simarum
2329 3421 2708 3489 expeditionum
2768 3439 2859 3474 nec

663 3508 846 3545 cruore
896 3492 1137 3547 immenso
1189 3493 1494 3562 praeliorum
1528 3492 1702 3561 parari
1737 3509 1955 3560 unquam
1989 3491 2279 3544 valuissent.
2350 3507 2445 3542 nec
2476 3498 2681 3557 tamen,
2727 3490 2861 3560 quod

659 3559 791 3613 falso
828 3574 1150 3628 argueretur,
1183 3571 1360 3616 tantae
1394 3580 1458 3616 ac
1493 3569 1597 3615 tam
1631 3561 1881 3614 evidentis
1912 3561 2144 3614 utilitatis
2175 3559 2343 3628 gratia
2371 3558 2647 3630 quidquam
2683 3567 2862 3612 eontra

658 3627 800 3694 leges
832 3637 1130 3685 attentasse.
1200 3650 1315 3686 esse
1346 3649 1561 3702 namque
1594 3631 1914 3683 manifestum
1936 3631 2078 3683 iuxta
2111 3628 2243 3682 scita
2277 3646 2518 3682 canonum
2554 3635 2609 3680 et
2642 3629 2860 3680 civilium

659 3697 812 3750 etiam
850 3700 1197 3769 sanctionum,
1243 3719 1338 3754 nec
1372 3702 1563 3754 licitum
1599 3717 1693 3752 nec
1725 3701 1977 3769 integrum
2026 3699 2135 3751 viro
2179 3715 2319 3763 esse,
2367 3697 2456 3768 qui
2488 3696 2596 3749 ritu
2633 3697 2858 3765 legitimo

662 3783 869 3820 uxorem
903 3769 1139 3830 duxerit,
1175 3786 1237 3823 ea
1269 3771 1378 3823 sine
1411 3771 1515 3823 ulla
1550 3787 1703 3823 causa
1751 3770 1932 3822 idonea
1978 3767 2171 3820 reiecta
2216 3767 2439 3839 copulari
2476 3766 2656 3828 alteri,
2702 3783 2767 3818 ae
2811 3763 2857 3817 si

661 3837 780 3903 quis
813 3838 862 3889 id
898 3839 1247 3901 attentaverit,
1278 3839 1515 3893 adulterii
1549 3838 1732 3903 teneri,
1766 3837 2146 3906 coniugiumque
2180 3838 2275 3890 hoc
2309 3835 2583 3889 secundum
2620 3850 2717 3904 pro
2751 3833 2861 3885 ille-

655 3904 831 3971 gitimo
867 3906 1170 3970 habendum,
1206 3906 1280 3960 ita
1313 3917 1370 3961 ut
1440 3908 1643 3961 uamdiu
1677 3907 1837 3977 prima
1877 3908 1984 3960 sola
2017 3923 2141 3958 vera
2173 3906 2355 3959 coniux
2384 3911 2653 3973 superstes
2686 3901 2858 3965 fuerit,

657 3979 910 4045 quotquot
958 3976 1077 4029 inde
1126 3977 1362 4042 duxerit,
1407 3977 1697 4046 ilegitimas
1747 3983 1801 4030 et
1849 3975 2055 4046 pellices
2088 3976 2256 4044 potius
2287 3987 2437 4045 quam
2472 3974 2641 4026 iustas
2674 3988 2861 4024 uxores

657 4043 787 4095 sore.
854 4050 968 4097 “an
1005 4063 1132 4099 vero
1166 4063 1266 4098 non
1299 4047 1374 4102 ita
1405 4047 1531 4100 haec
1563 4047 1615 4098 in
1650 4055 1823 4099 nostro
1857 4062 1979 4099 casu
2013 4062 2070 4097 se
2101 4043 2408 4098 habuere?''
2442 4041 2665 4094 subiecit
2698 4040 2859 4112 impe-

657 4115 819 4163 rator.
887 4117 923 4144 “
937 4113 1200 4183 interroga
1243 4114 1402 4184 igitur
1449 4135 1538 4169 eos
1573 4115 1659 4185 qui
1692 4123 1907 4179 norunt,
1957 4119 2013 4166 et
2045 4130 2111 4165 ex
2144 4131 2267 4167 vero
2299 4129 2407 4165 rem
2441 4126 2716 4178 cognosce.
2784 4109 2863 4162 di·-

657 4195 774 4230 sces
808 4182 942 4236 baud
978 4185 1121 4254 prins
1155 4200 1249 4237 nos
1282 4202 1515 4238 assensus
1563 4184 1617 4237 iu
1664 4182 2030 4237 matrimonium
2064 4182 2205 4235 filiae
2238 4199 2350 4235 cum
2384 4179 2552 4254 orale,
2595 4196 2753 4262 quam
2786 4179 2860 4231 le-

652 4257 908 4316 gatorum,
942 4261 1096 4318 prout
1130 4270 1192 4307 ex
1262 4252 1613 4318 eramuainde
1645 4253 1712 4307 ad
1748 4271 1840 4307 nos
1874 4252 2136 4305 missorum
2167 4251 2347 4305 iuratis
2381 4247 2691 4301 testimoniis
2726 4263 2861 4301 eo·-

751 4317 881 4374 imus
915 4327 971 4375 et
1003 4322 1160 4376 fuisse
1193 4341 1227 4375 a
1298 4340 1360 4376 uc
1389 4322 1442 4376 in
1476 4322 1615 4375 vivis
1647 4322 1920 4392 legitimam
1953 4320 2107 4374 cralis
2142 4334 2351 4374 uxorem
2384 4316 2589 4387 quaudo
2624 4317 2673 4370 is
2706 4316 2858 4370 filh-

704 4387 892 4443 erteris
923 4388 974 4444 in
1007 4391 1390 4448 contubernium
1425 4390 1668 4459 adscivit,
1700 4397 1755 4446 et
1785 4390 1998 4447 eandem
2029 4390 2127 4445 ian
2158 4388 2333 4445 vivere
2363 4385 2613 4452 desiisse,
2654 4384 2858 4457 quando
