3084 4850
752 339 912 409 LIB.
957 339 1072 410 111.
1179 338 1933 417 OERONOLOGIGUS.
2312 344 2462 418 867

428 501 686 598 ,ξω-ἣξ-
726 500 984 598 '‘gfff“
1049 505 1158 569 aed
1200 509 1458 583 frusta-a,
1496 509 1616 572 illis
1646 509 2022 574 conditiones
2064 511 2468 576 intolerabiles

216 502 365 548 Anni

223 554 361 601 cur.

400 606 687 701 &iiiiii-⁸2⁶1·
723 655 970 701 Andronici
1048 595 1448 674 maenuba-⁶
1477 682 1493 697 .
1533 596 1580 663 ¹⁶
1605 601 1649 661 ⁷
1678 618 1734 662 θ’
1768 601 1900 699 1·ss
1928 604 2012 699 2⁶·-

534 709 575 751 γ
1136 683 1347 742 Persae
1391 703 1496 763 qm
1542 684 1844 744 Catelams
1889 686 2269 760 militabant,
2312 687 2464 751 dum

183 772 385 837 1308
556 763 598 830 4
807 770 891 830 26
1042 768 1114 828 iis
1143 768 1382 846 offensi,
1424 788 1489 830 se
1521 768 1604 829 ad
1645 790 1786 830 suos
1813 772 1880 831 in
1917 773 2121 833 Asiam
2155 774 2463 856 recipien-

737 844 963 893 W‘fflL
1041 865 1154 932 tes,
1195 855 1506 917 traiiciunt
1530 856 1774 935 fretum,
1817 856 1896 916 ab
1930 859 2173 920 Andrca
2193 860 2461 923 nuri-co

807 905 885 970 ¹5
1038 941 1418 1096 {mpe1·alto;·is
1444 942 1756 1096 ngvarcho
1789 943 2108 1027 intercepti
2142 948 2458 1029 perimam

1067 1048 1162 1089 ur.
1274 1073 1289 1088 .
1397 1047 1451 1089 c.
1527 1075 1549 1095 .

1119 1128 1268 1190 Inde
1284 1128 1583 1191 Muriscus
1604 1129 1668 1191 in
1691 1133 2029 1213 praemium
2054 1155 2270 1217 operae
2289 1156 2463 1198 crea-

1034 1226 1142 1278 tur
1166 1216 1476 1279 Ameralia.
1555 1216 1704 1279 ibid.

1118 1316 1295 1379 Alani
1333 1328 1397 1380 et
1418 1319 1751 1402 Turcopuli
1783 1321 1859 1381 ab
1897 1322 2263 1403 imperatore
2299 1322 2455 1385 dess-

1031 1406 1255 1467 cientes
1284 1406 1591 1468 Romanos
1616 1408 1993 1489 impugnant.
2080 1408 2126 1474 1.
2150 1413 2192 1474 7
2225 1428 2275 1470 c.
2301 1408 2368 1474 4.

1116 1508 1418 1570 Attaleota
1466 1512 1533 1572 in
1568 1512 1820 1573 Oriente
1866 1519 2083 1573 contra
2120 1510 2455 1595 imperato-

1027 1614 1162 1658 rem
1192 1595 1461 1657 rebellat.
1548 1597 1700 1660 ibid.

1115 1699 1386 1761 Cateiani
1421 1701 1545 1763 late
1593 1718 1801 1761 omnes
1842 1700 2145 1761 Romanas
2181 1702 2454 1783 regiones

1026 1785 1422 1869 populantur.
1506 1786 1551 1850 1.
1580 1792 1621 1854 7
1658 1807 1710 1847 c.
1734 1791 1798 1852 8.

388 1545 404 2013 ί
1109 1888 1364 1971 Madyto
1417 1890 1595 1972 longa
1654 1887 1966 1951 obsidione
2024 1890 2452 1954 Catelanornm

1027 1977 1187 2037 fame
1213 1976 1514 2038 laboranti
1550 1978 1825 2038 Andreas
1851 1975 2149 2040 Muriscns
2173 1978 2464 2041 frumen-

1026 2072 1160 2126 tum
1193 2063 1507 2144 importat.
1591 2063 1634 2125 l.
1663 2069 1707 2129 7
1736 2083 1789 2124 c.
1821 2066 1923 2128 11.

1112 2150 1298 2209 Paulo
1332 2159 1470 2230 post
1496 2149 1574 2209 ab
1611 2149 1879 2230 Angusto
1909 2146 2127 2208 deficit.
2212 2148 2361 2211 ibid.

1111 2234 1399 2315 Madytus
1438 2235 1687 2296 tandem
1747 2233 1827 2296 ad
1869 2232 2236 2294 deditionem
2275 2256 2450 2297 com-

1024 2320 1196 2400 pulsa
1242 2321 1485 2402 capitur
1520 2342 1557 2381 a
1601 2319 1899 2382 Catelanis
1938 2320 2091 2382 duco
2125 2321 2449 2383 l'harenda

1024 2407 1247 2469 Tzime.
1334 2408 1378 2471 l.
1409 2414 1450 2477 7
1480 2430 1533 2472 c.
1566 2413 1605 2475 6
1638 2418 1700 2471 et
1736 2415 1834 2475 11.

1113 2495 1438 2557 Athanasio
1496 2493 1845 2576 patriarcha
1890 2492 2450 2575 Constantirxopoli-

1026 2590 1175 2644 tano
1203 2583 1437 2643 cunctis
1457 2602 1662 2657 exoso,
1691 2581 1932 2643 litanias
1958 2581 2072 2640 deo
2101 2580 2160 2639 in
2190 2588 2285 2640 tot
2309 2600 2445 2641 ma-

1024 2668 1099 2728 lis
1125 2669 1512 2750 propitiando
1543 2668 1930 2749 quotidianas
1958 2667 2313 2742 celebrante,
2347 2667 2446 2727 se-

1026 2756 1153 2815 rale
1193 2756 1540 2816 incendium
1569 2776 1716 2816 casu
1757 2764 1865 2815 aut
1895 2753 1994 2813 dei
2036 2761 2191 2813 nutu
2231 2770 2440 2833 preces

1022 2841 1158 2901 illas
1194 2861 1258 2901 se
1285 2837 1555 2902 aversari
1592 2840 1951 2901 declarantia
1987 2840 2100 2899 sub
2127 2857 2444 2919 vesperam

1025 2937 1341 2999 exortum,
1397 2948 1430 2986 a
1468 2936 1646 3008 porta
1685 2929 2058 3006 Cynegorum
2110 2924 2188 2985 ad
2225 2945 2442 2985 mona...

1024 3015 1273 3075 sterium
1297 3013 1643 3085 Prodromi‚
1686 3011 2164 3091 frequentissime
2189 3010 2436 3072 habita-

1024 3110 1157 3160 tum
1182 3110 1243 3159 et
1272 3100 1636 3161 ditia-simum
1671 3100 1838 3160 urbis
1867 3107 2125 3159 tractum
2164 3097 2230 3158 in
2265 3098 2434 3158 cine-

1020 3206 1149 3247 rem
1211 3187 1432 3268 redigit
1474 3186 1896 3248 inaestimabili
1942 3187 2202 3246 iactura.
2298 3184 2344 3251 l.
2390 3188 2431 3249 7

1020 3293 1072 3334 c.
1112 3276 1210 3337 10.

1101 3357 1473 3419 Athanasius
1503 3358 1952 3420 Alexandrinus
1984 3355 2324 3441 patriarcba
2347 3355 2432 3417 ir·

1018 3445 1445 3507 revocabiliter
1469 3446 1747 3508 infensus
1773 3444 2100 3506 Athanasio
2131 3446 2432 3504 Constan-

1017 3531 1462 3612 tinopolitano,
1524 3531 1599 3593 ab
1657 3532 2009 3592 Andronico
2068 3534 2430 3611 imperatore

1020 3619 1249 3679 frustra
1298 3619 1534 3700 saepius
1579 3630 1794 3679 conato
1832 3617 1997 3679 hunc
2025 3617 2115 3676 illi
2150 3616 2430 3677 reconci-

1020 3705 1164 3766 liare
1192 3706 1255 3763 in
1283 3725 1454 3766 suam
1482 3705 1794 3765 ecclesiam
1822 3705 2020 3765 redire
2042 3705 2259 3779 iussus,
2304 3702 2428 3762 sol-

1018 3811 1165 3851 vens
1197 3792 1435 3852 Cretam
1467 3812 1679 3851 versus
1710 3792 1983 3852 defertur
2008 3791 2070 3850 in
2103 3790 2423 3866 Euboeam,

1018 3877 1125 3936 ubi
1151 3878 1419 3955 graviter
1444 3878 1822 3956 periclitatus
1847 3900 1880 3936 a
1905 3876 2128 3937 Latinis
2155 3876 2280 3934 illie
2309 3876 2424 3935 ‹lo-
2457 3872 2500 3925 P
2537 3874 2638 3928 629

1018 3963 1421 4042 minantibus,
1464 3963 1687 4023 Thebis
1740 3964 1956 4024 deinde
2001 3963 2310 4022 coniectus
2354 3961 2423 4020 in

1018 4069 1352 4128 carcerem,
1397 4052 1642 4110 tandem
1683 4049 1836 4111 liber
1876 4049 2170 4110 emittitur
2208 4048 2251 4110 l.
2284 4053 2325 4114 7
2366 4067 2421 4108 e.

1016 4139 1057 4201 8
1089 4144 1148 4195 et
1184 4140 1280 4200 16.

1103 4221 1305 4282 Mense
1338 4221 1562 4301 Aprili,
1603 4220 1907 4281 dominica
1942 4238 2096 4300 quae
2117 4240 2281 4278 nova
2306 4238 2423 4279 vo-

1017 4316 1224 4385 catur,
1284 4308 1656 4368 Meliteniota
1701 4317 1983 4369 constans
2029 4306 2093 4365 in
2137 4304 2258 4365 fide
2297 4307 2424 4365 Ro-

1019 4414 1231 4456 manae
1258 4394 1542 4457 ecclesiae
1571 4393 1848 4455 moritur.
1933 4393 1978 4454 1.
2007 4396 2048 4457 7
2075 4412 2128 4454 c.
2152 4397 2257 4459 81.
