3084 4850
628 331 744 397 DE
795 328 1283 398 ANDRONICO
1337 326 1901 396 PALAEOLOGO
1951 330 2023 394 L.
2067 330 2153 396 V.
2362 326 2457 401 41
2473 332 2506 400 1

320 500 723 584 ἀποβαίνοντι
748 508 838 591 τῷ
863 499 943 567 τά
972 498 1154 565 στενὰ
1178 504 1289 564 τοῦ
1320 491 1653 583 Βοσπόρου
1685 498 2125 588 περαιουμένῳ,
2159 495 2317 565 ὥστ’
2351 496 2509 585 ἀφε-

319 607 488 695 μίνῳ
523 601 852 687 θαλάσσης
874 599 1207 684 λαμβάνειν
1239 601 1537 667 κίνδυνον.
1611 599 1832 684 ἀνέδην
1858 600 1976 684 γὰρ
2013 601 2317 686 διέτρεχον
2348 628 2507 666 παν-

325 715 528 792 ταχοῦ
575 713 687 791 τῆς
731 706 1023 789 περαίας,
1077 706 1179 769 καὶ
1214 699 1623 784 κατεσκήνουν
1663 701 1820 769 ὅπου
1848 696 1924 786 ἦν
1944 704 2342 785 βουλομένοις
2389 703 2506 770 αὗ-

325 821 494 889 τοῖς,
542 812 641 873 καὶ
680 807 864 875 ταῦτ’
913 806 1026 873 οὐκ
1065 805 1278 871 ἰλαδὸν
1324 801 1764 891 στρατεύουσιν
1798 802 1942 870 ἀλλ’
1977 801 2374 882 ἀσυντάκτως
2403 809 2505 872 καὶ
2538 817 2583 871 P
2618 818 2720 872 286

270 912 473 981 (κατ’
523 911 762 995 ὀλίγους
774 958 793 988 ,
846 908 1003 976 ὥστε.
1048 914 1293 975 κεῖσθαι
1337 908 1450 992 τὴν
1493 909 1750 991 περαίαν
1784 914 1898 992 τῆς
1929 909 2304 987 Βυζαντίδος
2339 914 2503 976 Σκυ-

321 1021 498 1094 θῶν,
547 1011 581 1080 ὃ
613 1012 689 1096 δὴ
720 1012 987 1097 λέγεται,
1028 1012 1285 1096 ε’ρημίαν
1302 1060 1321 1091 ,
1369 1011 1631 1094 μηδενὸς
1665 1017 2015 1093 τολμῶντος
2044 1001 2361 1096 φανῆναι,
2404 1007 2506 1077 ὅτε

320 1116 644 1199 συνίβαινε
690 1117 790 1180 καὶ
842 1110 1355 1201 παραβολώτερόν
1396 1138 1553 1189 τινες
1597 1109 2089 1199 διαπράττεσθαι
2131 1116 2231 1177 καὶ
2273 1112 2505 1178 ἔκθέειν
2576 1115 2587 1127 ’

318 1224 723 1303 τολμῶντας,
768 1213 948 1300 ζήλου
987 1216 1150 1293 τινὸς
1189 1217 1517 1291 πείθοντος
1543 1213 1585 1298 ἢ
1610 1218 1710 1282 καὶ
1739 1222 1977 1297 μᾶλλον
2011 1216 2237 1291 ἐνδείας
2265 1211 2505 1295 πιεζού-

320 1347 475 1404 σης,
529 1320 894 1406 τριβομένου
935 1325 1050 1386 τοῦ
1077 1315 1305 1404 χρόνου
1349 1319 1449 1384 καὶ
1491 1324 1616 1384 τῶν
1657 1319 1921 1404 ἐφοδίων
1948 1320 2121 1405 σφίσι
2146 1323 2504 1383 καταναλω-

244 1424 561 1507 1ομίνων,
615 1420 772 1507 ἅπερ
800 1421 1049 1487 οἴκοθεν
1076 1422 1476 1508 ἀπεφέροντο.
1579 1419 1662 1486 τὰ
1705 1422 1743 1486 δ
1754 1420 1775 1445 ²
1808 1414 1970 1506 ἦσαν
1995 1426 2236 1506 μᾶλλον
2264 1422 2347 1497 εἷς
2379 1426 2508 1485 κίν-

323 1529 534 1595 δυνον.
636 1524 787 1592 ὅθεν
814 1527 915 1590 καὶ
941 1524 1000 1589 οἱ
1023 1526 1136 1607 μὲν
1160 1521 1495 1590 ἐκωλύοντο
1525 1520 1802 1598 ἀπειλαῖς
1830 1530 1956 1589 τῶν
1984 1519 2373 1609 κρατούντων
2405 1524 2505 1588 καὶ

323 1626 509 1716 φόβῳ
538 1624 1077 1715 σωφρονιζόμενοι·
1121 1627 1180 1692 οἱ
1207 1627 1276 1691 δὲ
1303 1631 1669 1705 τολμῶντες,
1718 1623 1798 1709 ἦν
1826 1622 1947 1692 πού
1978 1651 2070 1702 τις
2097 1627 2505 1709 προεξέδραμε
2538 1631 2585 1686 Β

324 1731 535 1807 ἱκανὸς
560 1734 760 1797 δοκῶν
788 1730 953 1814 ἄγειν
981 1727 1290 1810 σύντομον
1320 1726 1624 1816 (λοχαγὸν
1648 1726 1756 1792 τὸν
1785 1734 2068 1793 τοιοῦτον
2096 1727 2235 1815 εἴπῃ
2266 1753 2359 1803 τις
2389 1727 2506 1814 ἂν)

322 1837 427 1900 καὶ
454 1835 550 1899 ἐπὶ
575 1833 647 1900 τὸ
674 1833 845 1915 παρὰ
875 1838 1077 1897 πᾶσαν
1107 1831 1403 1914 αἴσθησιν
1441 1827 1767 1913 ἐξήρχοντο
1782 1879 1804 1911 ,
1859 1829 2017 1896 ὥστε
2059 1832 2161 1895 καὶ
2196 1832 2509 1908 συνέβαινε

246 1938 474 2004 15ποτέ
517 1937 632 2011 μέν
670 1935 973 2018 εὐστοχεῖν
1012 1933 1234 2019 ὀλίγοις
1271 1933 1424 2020 πρὸς
1463 1932 1728 2008 πολλοὺς
1772 1944 2023 2016 γυμνοῖς
2055 1934 2155 1997 καὶ
2191 1929 2503 2014 ἀνόπλοις,

320 2036 619 2115 πολλάκις
650 2039 719 2105 δὲ
747 2041 847 2102 καὶ
883 2034 1293 2123 σφάλλεσθαι.
1398 2037 1497 2101 καὶ
1531 2035 1642 2101 οὐκ
1670 2027 1747 2119 ἦν
1773 2036 1990 2118 σχεδὸν
2017 2031 2216 2120 ἦμίρα
2245 2035 2406 2101 καθ’
2437 2035 2512 2119 ἣν

321 2141 363 2224 ἢ
411 2143 502 2223 μὴ
543 2152 673 2218 τοῖς
716 2140 874 2205 κατὰ
909 2138 1240 2205 θάλασσαν
1277 2140 1595 2224 φρουρίοις
1624 2137 2115 2223 προσβάλλοντες
2148 2134 2439 2220 ἠκούοντο
2469 2136 2510 2220 ἢ

319 2243 410 2326 μὴ
443 2239 780 2327 ἀπάγοντες
808 2240 1236 2322 αἰχμαλώτους
1261 2239 1300 2322 ἢ
1329 2239 1417 2324 μὴ
1448 2238 1841 2326 φονεύοντες,
1893 2243 1993 2308 καὶ
2020 2246 2258 2323 μᾶλλον
2285 2238 2384 2305 ὅτε
2410 2241 2511 2304 καὶ

322 2345 578 2419 ἱκεσίαις
614 2341 940 2432 ἐχρώμεθα
969 2343 1125 2431 πρὸς
1155 2338 1338 2424 θεόν,
1396 2341 1467 2408 τὸ
1509 2341 1833 2410 οἴκτιστον.
1938 2347 2115 2430 διεῖχε
2150 2344 2219 2410 δὲ
2241 2338 2432 2430 μόνος
2469 2339 2502 2408 ὃ
2537 2350 2584 2403 C

461 2476 517 2530 7.
549 2474 726 2544 τινες]
758 2471 849 2528 u?

321 2584 426 2632 tem
477 2575 654 2630 statim
706 2593 738 2631 a
784 2575 1003 2629 traiecto
1045 2575 1271 2646 Bosporo
1316 2574 1612 2645 exciperent
1658 2574 1887 2644 pericula
1918 2580 2146 2630 extrema
2178 2577 2512 2646 spoliationis,

324 2665 386 2700 ea
425 2646 678 2711 tivitatis,
721 2645 927 2711 caedis,
967 2648 1106 2708 tota,
1152 2649 1342 2714 quanta
1388 2652 1564 2713 patet,
1609 2644 1863 2698 ulterioris
1906 2645 2211 2699 continentis
2243 2646 2512 2699 latitudine

323 2732 353 2769 τ
407 2724 526 2768 etta
558 2715 837 2767 latronibus
865 2712 1193 2777 saevissimis,
1225 2713 1427 2783 impune
1460 2730 1560 2783 quo
1592 2713 1778 2766 liberet
1809 2714 2089 2777 ruentibus,
2124 2718 2178 2765 et
2213 2714 2513 2783 ubicumque

324 2787 520 2837 vellent
560 2784 666 2836 fixo
711 2783 930 2836 tentorio
976 2799 1204 2837 securam
1255 2782 1556 2836 habentibus
1597 2783 1883 2835 stationem.
1951 2788 2106 2850 atque
2139 2781 2177 2832 ii
2212 2798 2277 2832 na
2312 2790 2506 2835 tautum

324 2852 530 2922 quidem
572 2851 725 2903 armis
768 2850 1005 2904 Romanis
1047 2850 1405 2920 impertiebant
1445 2853 1791 2916 reverentiae,
1837 2859 1898 2904 ut
1941 2860 2077 2904 metu
2126 2865 2297 2901 eorum
2341 2851 2510 2919 aliquo

324 2922 509 2974 saltem
543 2918 820 2972 simulando
851 2920 1216 2987 circumspecte
1245 2921 1511 2986 incedere,
1548 2919 1629 2973 ire
1653 2921 1910 2973 turmatim
1941 2918 2223 2971 servatisve
2254 2919 2512 2971 ordinibus

327 2995 603 3042 curarent:
652 2992 843 3039 temere
886 2988 1005 3053 vagi
1053 2988 1320 3057 manipulis
1352 2988 1591 3054 modicis,
1638 3006 1787 3058 quam
1820 2988 1984 3041 nostri
2017 2994 2334 3054 contemptus
2368 2990 2510 3041 feee-

328 3066 443 3122 rat,
489 3055 798 3110 confidentia
847 3057 1135 3107 cursabant.
1202 3057 1404 3126 iamque
1454 3058 1582 3109 adeo
1612 3057 1731 3110 illae
1765 3057 2052 3109 celebratae
2094 3054 2294 3121 adagiis
2326 3056 2507 3109 solitu·

327 3126 476 3178 dines
521 3124 826 3192 Scytharum
876 3140 975 3175 non
1018 3124 1138 3176 alibi
1181 3125 1354 3178 verius
1386 3142 1536 3194 quam
1574 3125 1627 3176 in
1658 3143 1750 3177 ora
1784 3125 2094 3193 Byzantinus
2126 3124 2272 3177 urbis
2305 3126 2509 3177 obiecta

326 3196 522 3260 muris,
555 3194 788 3247 subiecta
820 3191 982 3245 oculis
1012 3192 1389 3261 reperirentur,
1437 3193 1632 3246 nemine
1663 3193 1768 3245 illic
1798 3199 2083 3246 nostrorum
2118 3195 2338 3247 audente
2371 3212 2509 3247 com-

329 3279 546 3332 parere,
590 3274 997 3332 quantacumque
1043 3262 1317 3314 necessitas
1360 3268 1598 3326 vocaret,
1644 3263 1795 3315 etiam
1833 3262 2058 3329 urgentis
2093 3264 2370 3331 egestatis,
2420 3282 2511 3314 eos

329 3331 420 3399 qui
465 3349 589 3383 rure
629 3349 688 3384 se
733 3332 997 3400 reliquisse
1029 3330 1414 3382 recordarentur
1483 3347 1547 3382 uo
1580 3331 1633 3382 in
1663 3334 1790 3385 urbe
1822 3333 2130 3399 indigebant.
2197 3332 2286 3401 qui
2321 3334 2365 3384 si
2402 3334 2511 3383 vel-

330 3399 441 3451 lent
485 3400 651 3451 aleam
695 3399 866 3452 iacere
911 3398 1081 3451 brevis
1128 3400 1456 3451 excursiuncu
1480 3418 1572 3463 ae,
1613 3400 1762 3454 etiam
1798 3418 1830 3453 a
1862 3401 2240 3467 magistratibus
2275 3402 2513 3473 probibe—

331 3467 520 3520 bautur
553 3476 806 3536 umquam
841 3467 903 3521 ad
939 3480 1147 3521 mortem
1182 3468 1637 3537 praesentissimam
1672 3470 1814 3522 ituri.
1846 3487 2149 3540 quamquam
2184 3487 2305 3523 suus
2335 3486 2513 3538 quem-

331 3552 432 3606 que
465 3534 594 3587 satis
627 3537 898 3588 coemebat
931 3546 1111 3603 metus,
1144 3537 1363 3605 vulgatis
1397 3540 1640 3620 exemptis
1674 3539 1881 3610 prodire
1910 3556 2163 3601 ausorum,
2199 3539 2285 3608 qui
2318 3546 2513 3589 utrum»

332 3622 435 3671 que
520 3603 636 3654 eriti
683 3606 1086 3671 compendiorum
1135 3612 1188 3658 et
1233 3614 1438 3675 captato
1474 3623 1554 3659 usi
1588 3618 1848 3677 tempore,
1899 3609 1987 3660 ubi
2021 3608 2218 3660 minime
2253 3613 2511 3676 putarunt,

333 3672 452 3725 duci
524 3673 712 3724 arbaro
746 3688 857 3724 cum
891 3690 984 3726 sua
1014 3683 1180 3728 turma
1211 3675 1264 3727 in
1299 3675 1496 3728 insidiis
1527 3677 1844 3729 delitescenti
1879 3684 2204 3729 occurrerant
2238 3675 2510 3725 inlortunio

333 3759 425 3796 suo
463 3740 697 3793 maximo.
766 3756 860 3792 nec
891 3742 1013 3795 felix
1049 3743 1101 3796 in
1136 3764 1197 3797 eo
1230 3762 1417 3811 genere
1450 3745 1714 3798 temeritas
1745 3748 2102 3813 quorumdam,
2149 3744 2237 3811 qui
2274 3741 2423 3812 pauci
2457 3750 2512 3793 et

333 3810 554 3862 inermes
587 3815 888 3862 armatorum
923 3811 1134 3878 plurium
1169 3830 1345 3866 manus
1377 3814 1616 3880 effugisse
1644 3816 1953 3877 ferebantur,
1987 3814 2192 3865 multum
2226 3814 2291 3862 nd
2326 3809 2512 3862 similes

336 3896 490 3932 ausus
531 3878 928 3948 frequentandos
975 3878 1255 3935 incitabat=
1304 3883 1410 3935 rari
1446 3884 1575 3935 enim
1610 3883 1665 3935 hi
1698 3899 1845 3934 casus
1880 3888 2052 3942 erant3
2103 3880 2322 3947 qualium
2355 3896 2503 3947 expe·

337 3947 548 4000 ctationi
597 3947 792 4000 nonnisi
839 3947 984 3998 stulti
1033 3959 1187 4018 caput
1235 3952 1633 4005 committendum
1690 3951 1950 4002 ducerent.
2018 3947 2151 3999 nulla
2195 3963 2346 4015 porro
2400 3950 2509 3999 dies

338 4017 689 4084 praeteribat,
722 4031 820 4084 qua
856 4032 952 4066 non
986 4017 1283 4071 audirentur
1318 4021 1506 4073 Persae
1539 4020 1590 4072 in
1629 4019 1845 4086 aliquam
1879 4016 2070 4070 arcium
2103 4015 2168 4067 ad
2208 4032 2346 4068 mare
2381 4017 2511 4069 sita-

338 4100 447 4135 rum
483 4085 778 4148 incurrisse,
810 4084 876 4135 ad
913 4084 1052 4136 cuius
1085 4094 1262 4153 portas
1295 4098 1387 4141 aut
1418 4089 1606 4142 caedes
1638 4089 1876 4140 fecissent
1910 4090 1999 4137 aut
2032 4084 2261 4147 captivos
2296 4088 2515 4153 preben-

339 4152 547 4204 dissent.
617 4154 803 4221 idque,
848 4168 953 4204 rem
990 4153 1343 4210 miserrimam!
1390 4158 1454 4209 iis
1488 4156 1802 4225 frequentius
1834 4154 2011 4206 diebus
2045 4152 2341 4219 accidebat,
2389 4172 2515 4225 quas

339 4223 497 4272 festas
532 4228 588 4273 et
619 4222 749 4275 bene
797 4221 1008 4273 feriatas
1055 4223 1361 4277 habebamus
1393 4224 1840 4295 supplicationibus
1876 4223 1972 4274 rite
2007 4223 2103 4275 deo
2135 4223 2433 4278 adhibendis
2466 4225 2512 4275 ei

338 4289 675 4360 propitiando.
746 4291 1172 4361 cernebamusque
1219 4310 1284 4347 ex
1329 4295 1426 4348 hoc
1461 4296 1634 4348 littore
1665 4296 1807 4347 trans
1840 4294 2024 4346 cretum
2058 4300 2324 4361 augustum
2342 4335 2360 4360 ‚
2410 4310 2512 4363 quo
