3084 4850
768 414 929 486 LIB.
954 413 1073 485 111.
1151 409 1910 484 CHRONOLOGICUS.
2316 410 2471 486 853

180 579 328 680 ὃὶιδ
419 582 673 679 Βπῡ·
715 580 1311 678 ¹mgg-130·A1mi
1355 582 1652 646 trimestri
1680 627 1701 662 ,
1759 582 1926 663 quod
1980 602 2121 644 cum
2169 582 2314 665 imp.
2355 582 2478 646 ui-

455 696 493 730 ιι
481 686 649 731 ’ne-m
1044 670 1252 734 chaele
1274 672 1650 753 pepigerant,
1673 671 1871 753 spatio
1894 670 2101 752 elapso
2124 671 2478 732 missionem

443 738 548 783 ΒΜ
488 738 648 836 ‘'viil“
652 772 664 784 ‘
715 739 781 783 Μ’
783 736 812 781 ‘¹
818 736 962 782 ⁰⁸¹⁶
1042 759 1297 824 armatis
1351 757 1634 841 precibus
1680 766 2072 838 extorquent.
2157 756 2276 822 1.4
2303 779 2354 819 c.
2366 764 2473 826 20.

159 853 361 917 1303
524 853 591 914 ·9
798 852 875 913 21
1127 846 1280 928 Imp.
1319 842 1628 922 michael,
1673 845 1846 906 nullo
1899 863 1935 904 a
1979 852 2152 928 patre
2199 843 2482 907 subsidio

723 927 1288 1053 ”¹1¹bfflinterim
1351 942 1640 1015 accepto,
1702 931 1984 993 barbaris
2046 931 2309 1012 satrapis
2365 932 2480 993 Ale

1039 1020 1312 1095 Amurio,
1341 1020 1643 1096 Laminse,
1660 1019 1919 1080 Atmane
1940 1039 2014 1079 ae
2038 1017 2316 1101 plurimis
2340 1018 2478 1080 aliis

1037 1108 1240 1191 ipsum
1266 1106 1608 1188 Magnesiae
1632 1106 1907 1168 clausum
1944 1106 2173 1168 circum
2199 1105 2478 1184 undique

1037 1195 1569 1277 oppugnantibus,
1612 1202 1807 1253 noctu
1830 1192 1975 1254 inde
2013 1193 2478 1273 perturbatione

1035 1303 1108 1342 sc
1134 1282 1494 1344 confusione
1527 1283 1797 1342 maxima
1836 1281 2073 1363 aufugit
2095 1281 2472 1362 Pergamum.

1029 1369 1180 1431 ibid.

1116 1454 1271 1519 Inde
1313 1475 1525 1518 omnes
1556 1454 1901 1518 orientales
1929 1454 2167 1538 imperii
2195 1453 2473 1535 regiones

1032 1565 1095 1606 m
1113 1543 1408 1693 13:31³?
1417 1542 2208 1712 ἆῖἒείἷιῗὲἕέιξέιξώυῒεὲ
2216 1548 2469 1689 1dbeun-

1034 1727 1123 1779 tes
1161 1717 1428 1779 retinere
1470 1726 1790 1779 conantem
1818 1717 1884 1777 in
1915 1715 2174 1790 traiectu
2217 1714 2297 1776 ad
2329 1716 2473 1776 Cal-

988 1877 993 1882 ·
1029 1805 1301 1886 liopolim
1376 1825 1662 1885 magnum
1739 1803 2143 1866 domesticum
2213 1802 2472 1864 Ratilem

1029 1892 1317 1957 Alexium
1339 1891 1747 1964 interficiunt.
1838 1912 1892 1956 c.
1920 1894 2029 1957 22.

1112 1979 1256 2041 Post
1297 1977 1421 2039 hoc
1464 1988 1829 2046 excusantes
1872 1979 2105 2039 factum
2132 1974 2308 2039 Alani
2346 1974 2470 2035 ite-

1030 2087 1168 2127 rum
1195 2066 1274 2127 ab
1299 2066 1654 2129 Andronico
1683 2066 1750 2128 in
1776 2065 2037 2149 gratiam
2065 2063 2472 2146 recipiuntur.

1029 2152 1181 2217 ibid.

1114 2236 1471 2301 Patriarcha
1508 2237 1764 2298 loannes
1814 2236 2064 2296 Cosmas
2108 2234 2299 2296 variis
2334 2241 2471 2316 epi-

1030 2344 1356 2407 scoporum
1394 2323 1609 2385 Ioanni
1639 2322 1901 2406 Ephesio
1942 2322 2285 2386 faventium
2332 2341 2471 2382 ma-

1031 2410 1484 2474 chinationibus
1552 2411 1709 2473 clam
1786 2410 1985 2494 palam
2060 2417 2470 2492 oppugnatus,

1031 2510 1217 2582 prout
1257 2500 1390 2562 fuse
1426 2509 1719 2560 narratur
1759 2499 2060 2581 capitibus
2089 2497 2232 2558 libri
2264 2497 2467 2577 quarti

1032 2592 1116 2654 27
1144 2592 1232 2657 28
1276 2591 1362 2654 29
1379 2631 1399 2665 ,
1440 2585 1522 2648 ad
1558 2597 1904 2648 extremum
1943 2585 2042 2646 die
2084 2585 2298 2665 quinta
2329 2583 2472 2645 Iulii

1031 2674 1364 2754 eademque
1391 2675 1543 2735 seria
1576 2684 1750 2735 sexta
1779 2676 1960 2754 (quae
1991 2683 2139 2735 nota
2166 2681 2259 2732 est
2281 2671 2470 2732 huius

1031 2762 1178 2824 anni
1218 2761 1459 2843 cyclum
1499 2763 1611 2823 sol.
1645 2759 1765 2839 24,
1823 2762 1923 2822 cui
1966 2760 2254 2821 convenit
2290 2759 2502 2818 litera·

1032 2850 1371 2912 dominicae
1395 2848 1583 2908 index
1609 2849 1689 2926 F,
1732 2846 2135 2927 numerantis)
2162 2866 2196 2905 e
2226 2846 2467 2925 synodo

1031 2936 1381 3017 indignatus
1410 2934 1727 3012 excedens,
1757 2932 2130 3017 patriarchio
2154 2933 2219 2993 in
2244 2953 2467 2992 mona-

1029 3023 1285 3085 sterium
1296 3023 1751 3085 Pammacaristi
1763 3023 2015 3103 migrat3
2047 3019 2215 3082 unde
2232 3020 2466 3102 postri-

1034 3111 1137 3172 die
1180 3110 1466 3194 scriptam
1505 3110 1960 3192 patriarch-..tus
2013 3107 2465 3168 abdicationem

1033 3197 1112 3259 ad
1144 3197 1576 3278 imperatorem
1605 3198 1815 3261 mittit.

1117 3284 1459 3365 Imperator
1496 3285 1756 3368 trepidis
1803 3282 1981 3345 simul
2036 3280 2466 3359 undecumque

1031 3372 1261 3432 nuntiis
1290 3374 1598 3451 turbatus,
1631 3392 1757 3433 non
1786 3372 1968 3433 unius
1993 3369 2318 3430 alteriusve
2349 3388 2467 3428 ur-

1030 3458 1122 3519 bis
1159 3467 1267 3519 aut
1292 3461 1646 3541 provinciae
1677 3450 1968 3519 barbaris
1992 3454 2464 3533 succumbentis,

1029 3546 1138 3606 sed
1171 3546 1439 3608 universi
1482 3549 1711 3627 ubique
1747 3546 1983 3629 imperii
2025 3565 2153 3606 uno
2188 3553 2468 3624 tempore

969 3631 982 3706 Ι
1031 3634 1336 3714 oppressi,
1394 3638 1611 3715 utique
1670 3654 1810 3694 cum
1872 3635 2087 3703 Persae
2142 3633 2467 3693 universae

1030 3681 1360 3782 orientalis
1425 3722 1792 3783 continentis
1853 3722 1982 3783 sine
2041 3716 2463 3781 controversia

1034 3808 1296 3885 domini,
1343 3829 1509 3871 mare
1555 3809 1841 3869 classibus
1881 3806 2150 3892 piraticis
2187 3804 2460 3886 ingressi,

1030 3895 1275 3956 Tenedo
1332 3890 1672 3978 occupata‘,
1728 3897 1873 3961 inde
1935 3893 2157 3955 Chium
2210 3896 2462 3953 Samum

1029 3985 1109 4042 Ga
1115 3982 1294 4064 rpatl
1299 4005 1404 4043 um
1454 3984 1742 4045 Rhodum
1792 3983 2005 4044 subitis
2045 3978 2454 4042 exscensioni-
2496 3985 2541 4041 1⁵
2573 3985 2681 4046 619

1032 4072 1145 4131 bus
1178 4071 1729 4150 depraedarentur,
1773 4091 2016 4132 causam
2057 4090 2157 4150 pa
2140 4066 2461 4141 triarchac,

1028 4168 1089 4218 et
1122 4157 1617 4223 deliberationem
1655 4159 1875 4238 ecquid
1899 4156 2101 4218 valida
2135 4165 2292 4216 esset
2332 4158 2462 4213 eius.

1028 4245 1367 4321 abdicatio,
1407 4247 1833 4329 episcoporum
1874 4243 2170 4323 suffragiis
2203 4241 2460 4326 permit-

1030 4334 1124 4394 tit.
1211 4333 1360 4394 ibid.

1110 4420 1244 4502 Ipse
1271 4420 1515 4481 interim
1548 4418 1935 4502 procuranda
1975 4417 2131 4477 clam
2165 4416 2460 4477 affinitate

1026 4511 1187 4571 mter
1230 4508 1663 4591 Cuximpaxim
1705 4507 2054 4573 'l'ocharum
2098 4505 2209 4566 sibi
2249 4503 2463 4583 fidum,
