3084 4850
452 453 501 498 x
1041 429 1117 498 Ρ.
1165 427 1495 498 Possm
1541 428 2031 501 PRAEFATIO.

451 620 639 691 super
679 604 892 686 favore
931 599 1128 667 nimio
1164 601 1231 664 in
1270 612 1475 689 partes
1513 600 1635 667 sibi
1687 602 1872 667 amici
1920 601 2179 670 senioris
2216 600 2507 671 adversus
2541 604 2644 669 iu-

452 700 697 772 niorem
730 703 1031 771 declarato
1069 702 1515 786 Andronicum,
1565 703 1771 771 studio
1808 726 1951 789 erga
1987 704 2379 773 Berisamum
2424 710 2643 773 baere-

453 808 789 891 siarcham,
836 805 1075 875 invidia
1116 807 1403 872 factionis
1441 806 1889 891 Acyndinianae
1909 856 1930 889 ‚
1995 810 2164 874 cuius
2206 823 2334 875 erat
2373 812 2644 894 signifer,

451 912 699 978 licentia
741 909 1118 976 obtrectandi
1153 911 1524 999 principibus
1560 923 1626 976 et
1658 912 1997 993 monachis,
2044 911 2474 979 indelebilibus
2500 936 2647 980 ma·

447 1013 634 1081 ledici
674 1033 747 1078 ac
784 1010 1100 1078 mendacis
1140 1015 1219 1078 ab
1273 1014 1467 1102 ipsius
1505 1015 1745 1101 aequali
1788 1013 2207 1082 Cantacnzeno
2262 1017 2644 1099 stigmatibus

447 1117 611 1183 inuri
651 1117 941 1199 meritus3
990 1114 1252 1205 denique
1310 1137 1527 1204 parum
1558 1118 1752 1183 etiam
1785 1116 2206 1184 Cantacuseno
2241 1110 2647 1184 deferentium

450 1231 519 1285 et
554 1218 886 1288 liberorum
926 1220 1101 1285 omni
1138 1217 1508 1307 praeiudicio
1557 1221 1855 1286 lectorum
1892 1240 2087 1308 sequa
2124 1222 2426 1287 amende
2464 1233 2648 1286 nota-

451 1323 633 1404 bilis,
682 1321 848 1410 quod
907 1321 1029 1387 sibi
1068 1325 1303 1385 famam
1345 1320 1523 1401 fidei,
1574 1343 1730 1409 quae
1766 1335 1865 1398 est
1899 1326 2108 1389 anima
2147 1325 2469 1407 historiae,
2517 1346 2650 1389 non

453 1426 603 1491 satis
646 1424 889 1490 solicite
929 1425 1014 1489 sit
1061 1422 1247 1489 tuitus
1289 1423 1583 1491 adversus
1627 1425 1821 1492 iustas
1875 1425 2257 1517 suspiciones
2299 1428 2451 1513 styli
2487 1427 2647 1492 affe-

357 1577 371 1590 .
453 1528 647 1594 ctibus
683 1526 949 1593 obnoxii
983 1539 1049 1592 et
1086 1526 1319 1611 ingenii
1352 1527 1610 1596 venalis.

611 1625 778 1701 'VL
891 1628 1156 1695 Unicum
1229 1652 1374 1713 ergo
1435 1627 1764 1696 Andronici
1824 1640 2097 1698 actorum
2155 1641 2383 1697 testem
2449 1633 2650 1713 hunc,

456 1729 726 1823 prudens
780 1734 998 1815 lector,
1048 1734 1210 1798 habe
1247 1732 1538 1804 idoneum
1587 1732 2071 1818 Pachymerem3
2118 1754 2234 1799 nec
2271 1746 2478 1800 metue
2503 1754 2648 1823 per-

458 1837 684 1900 niciem
733 1856 891 1924 quae
948 1857 987 1900 a
1031 1836 1377 1901 narratione
1417 1836 1689 1901 felicium
1742 1839 2042 1902 scelerum
2096 1836 2366 1904 cavenda
2421 1838 2646 1903 merito

460 1939 799 2023 legentibus
845 1939 1296 2027 praescribitur,
1348 1962 1428 2005 ne
1467 1938 1550 2005 ad
1588 1940 2000 2005 imitationem
2035 1940 2312 2007 incautos
2347 1942 2647 2011 allactent.

460 2062 687 2126 magna
728 2041 831 2106 hic
874 2041 1199 2106 Andronici
1246 2043 1541 2125 senioris,
1606 2042 1718 2109 sed
1759 2041 2063 2111 vindictae
2113 2045 2269 2110 acris
2323 2065 2438 2109 nec
2486 2043 2662 2125 dila-0

462 2156 564 2210 tae
599 2145 907 2233 praesenti
955 2147 1126 2211 velut
1179 2138 1452 2212 an'tidoto
1467 2184 1510 2228 ,·
1553 2149 1725 2211 nullo
1776 2146 1905 2211 iam
1960 2146 2229 2235 periculo
2271 2167 2647 2230 cognoscen-

459 2247 614 2310 tium
635 2294 654 2328 ,
699 2248 951 2311 crimina
991 2246 1346 2335 produntur.
1448 2251 1771 2315 exhibetur
1807 2250 1865 2313 is
1906 2248 2308 2333 foedifragus,
2359 2247 2649 2336 perduel-

460 2351 541 2415 lis
601 2348 823 2415 Christi
879 2350 1106 2417 vicario
1120 2399 1139 2434 ‚
1202 2364 1534 2418 contumax
1549 2401 1569 2437 ,
1633 2353 2141 2435 contumeliosus,
2203 2347 2648 2436 ingratissimus

455 2455 748 2519 ecclesiae
792 2456 1163 2542 apostolicae
1216 2454 1572 2521 Romanae:
1622 2455 1734 2522 sed
1778 2467 1841 2520 et
1899 2457 2183 2520 continno
2226 2455 2397 2521 idem
2435 2467 2647 2521 osten-

316 2633 331 2647 „
454 2554 617 2620 ditur
652 2554 1250 2644 imprudentissimae
1268 2559 1333 2622 in
1361 2560 1532 2626 omni
1570 2557 1849 2640 consilio,
1896 2557 2352 2624 infelicissimus
2375 2559 2444 2622 in
2472 2555 2647 2623 omni

454 2670 712 2747 coept03
762 2659 913 2722 nulli
951 2660 1232 2747 quamvis
1273 2661 1583 2726 imbecillo
1620 2682 1749 2726 non
1789 2663 2184 2725 succumbens
2236 2660 2459 2742 hosti‚·
2492 2657 2644 2724 nulli

452 2784 582 2826 non
646 2759 978 2825 ludibrium
1056 2762 1365 2829 adversari
1435 2783 1587 2830 auso
1662 2766 1993 2852 praebens3
2069 2764 2323 2850 impune
2396 2782 2644 2849 semper

455 2868 884 2953 contemptus,
927 2884 1069 2930 cum
1111 2866 1278 2931 lucro
1322 2866 1569 2949 irrisus3
1620 2866 1789 2930 cuins
1843 2866 2052 2931 minae
2087 2867 2325 2930 nullum
2383 2863 2648 2953 pondus,

455 2969 692 3032 nullam
740 2969 1139 3033 constantiam
1180 2968 1449 3051 decreta,
1488 2972 1720 3039 nullam
1760 2963 1947 3036 fidem
1993 2971 2214 3054 verba,
2257 2969 2495 3032 nullum
2533 2965 2649 3031 de-
2699 2985 2706 2998 ·

459 3069 682 3136 sideria
729 3090 1078 3137 successum
1133 3072 1489 3154 habuerint3
1546 3075 1762 3137 umbra
1802 3070 2222 3162 imperatoris,
2261 3073 2431 3137 larva
2470 3069 2649 3158 prin-

465 3172 621 3259 cipis
638 3219 657 3253 ,
701 3193 925 3261 scopus
961 3173 1144 3239 sortis
1188 3173 1534 3257 adversae,
1564 3174 1902 3241 foecundus
1941 3176 2008 3239 in
2057 3195 2238 3240 snum
2278 3172 2541 3238 dedecus
2572 3192 2647 3237 ac

463 3274 759 3339 damnum
773 3322 793 3357 ‚
856 3275 1193 3358 longaevus
1237 3275 1317 3340 ad
1362 3278 1829 3365 perpetuitatem
1882 3279 2201 3359 miseriae3
2249 3275 2512 3361 denique
2529 3319 2549 3354 ,
2605 3294 2646 3336 a

464 3399 588 3466 quo
617 3376 1073 3443 inclinationem
1105 3379 1387 3444 ultimam
1418 3379 1497 3444 ad
1539 3380 1796 3444 exitium
1835 3379 2227 3466 irreparabile
2266 3377 2498 3462 inclyto
2529 3373 2664 3466 de·—
2723 3449 2726 3454 .

464 3502 602 3545 cem
645 3482 903 3546 saeculis
939 3502 1141 3549 novae
1178 3480 1420 3547 Romae
1462 3482 1724 3571 imperio
1757 3481 1963 3556 datam
1999 3482 2202 3547 omnis
2252 3480 2383 3546 iure
2426 3480 2646 3567 deplo-

461 3603 608 3650 rans
643 3595 709 3648 et
748 3582 1056 3651 detestans
1114 3587 1438 3674 posteritas
1494 3598 1791 3675 queretur.
1890 3586 2040 3649 haec
2059 3633 2078 3667 ‚
2134 3582 2390 3648 candide
2431 3586 2644 3663 lector,

459 3698 838 3752 occurrerunt
888 3709 1046 3775 quae
1102 3688 1168 3752 in
1218 3690 1336 3754 hoc
1371 3689 1484 3754 tibi
1528 3691 1741 3756 limine
1776 3691 2098 3777 praefarer.
2200 3707 2345 3750 nam
2387 3684 2466 3751 de
2501 3705 2643 3752 mea

459 3787 890 3878 interpretandi
928 3791 1196 3874 ratione,
1266 3791 1346 3857 de
1400 3792 1617 3858 ordine
1669 3813 1739 3857 ac
1796 3791 2093 3856 methodo
2135 3789 2385 3854 notandi
2425 3789 2646 3854 eadem

458 3911 617 3979 quae
659 3893 727 3956 in
763 3895 966 3958 fronte
1009 3894 1231 3982 prioris
1262 3895 1452 3983 partis
1495 3895 1789 3962 admonui
1806 3945 1825 3979 ‚
1865 3894 2022 3960 dicta
2061 3893 2163 3958 hic
2185 3914 2428 3980 quoque
2454 3892 2646 3958 velim

455 3993 735 4077 intelligi.
843 3998 1001 4062 vale.
1105 3996 1455 4066 scribebam
1495 3998 1742 4067 Romae
1772 3998 1967 4091 pridie
1996 3997 2143 4065 Idus
2175 3994 2439 4063 ianuarii
2480 4012 2643 4059 anno

455 4096 682 4165 Christi
734 4096 952 4168 1668.
