3084 4850
1299 421 1783 519 nmmo.
1963 474 1968 479 ·
2561 477 2631 519 ιι

446 624 696 704 artavit,
759 622 1218 689 ottomanicam
1272 621 1581 705 adaugens
1632 622 1905 688 dilatavit
1957 622 2274 690 ditionem.
2370 646 2452 689 ex
2508 625 2626 691 hoc

444 725 805 791 Baiazetbss
855 736 1036 790 natus
1091 723 1472 790 Thessaliam
1521 725 1945 790 Macedoniam
1992 725 2324 792 Phocidem
2364 726 2623 793 Atticam

443 826 713 912 mysiam
765 839 831 893 et
880 827 1231 910 Bulgariam
1270 826 1514 893 Graecis
1568 828 1805 914 eripuit.
1905 829 2053 893 vicit
2091 842 2153 892 et
2197 831 2450 894 abduxit
2489 829 2620 894 Ta-

443 932 760 995 merlanes.
784 929 1213 1010 Baiazethem,
1272 933 1386 995 sub
1429 931 1600 995 cuius
1645 931 1823 1010 filiis,
1887 929 2223 1012 solymane
2263 932 2439 997 Musa
2481 931 2622 997 Ma-

441 1035 689 1098 homete
741 1031 793 1114 1,
836 1035 1053 1109 breves
1104 1034 1273 1097 velut
1314 1030 1593 1096 induciae
1629 1034 1932 1096 malorum
1969 1031 2350 1116 Byzantinos
2385 1055 2619 1098 recrea-

440 1146 610 1216 runt,
660 1146 1020 1223 expectante
1062 1133 1181 1199 deo
1220 1154 1299 1198 an
1340 1136 1778 1222 resipiscerent.
1878 1132 1989 1198 sed
2028 1138 2357 1201 schismate
2394 1138 2522 1201 illic
2557 1149 2619 1201 et

440 1238 681 1302 haeresi
742 1239 1264 1324 perseverantibus
1324 1258 1522 1304 novus
1598 1239 1757 1302 ultor
1811 1239 2120 1302 exurrexit
2167 1238 2484 1304 Ainurates
2534 1237 2617 1320 11,

441 1338 811 1404 Monens
862 1339 1050 1426 primi
1093 1341 1257 1405 filius
1283 1387 1303 1421 ,
1335 1339 1615 1404 'secundi
1676 1351 1867 1427 pater.
1964 1340 2066 1404 hic
2117 1340 2617 1406 Thessalonicam

442 1445 656 1507 urbem
708 1443 1053 1506 maximam
1101 1443 1512 1529 expugnavit,
1583 1441 1941 1525 Hungaricis
1995 1440 2246 1509 Ioannis
2286 1442 2616 1522 Huniadis,

440 1543 835 1632 Epirensibus
882 1543 1284 1627 Scanderbegi
1356 1544 1761 1626 successibus,
1819 1544 2146 1612 retardatus
2187 1568 2228 1611 a
2269 1544 2615 1611 Constanti-

441 1648 795 1734 napolitano
848 1646 1180 1712 funditus
1157 1647 1417 1733 imperio
1457 1645 1735 1711 delendo.
1837 1648 2085 1713 interim
2126 1634 2293 1712 enim
2345 1651 2614 1711 clemen-

440 1750 710 1814 tissimus
776 1749 1064 1814 dominus
1132 1749 1415 1812 ultimum
1485 1752 1658 1814 velut
1733 1751 1998 1869 experiri
2070 1762 2354 1815 conatum
2420 1750 2615 1815 voluit

442 1849 705 1917 Graecos
757 1849 1116 1916 restituendi
1161 1852 1490 1917 catholicae
1534 1851 1954 1916 communioni
2006 1872 2078 1915 ac
2131 1851 2309 1932 fidei,
2359 1872 2612 1933 congre-

439 1964 577 2035 gata
623 1955 779 2019 circa
837 1953 1063 2020 Christi
1110 1974 1341 2019 annum
1388 1948 1587 2023 1440
1625 1975 1792 2019 sacra
1831 1954 2217 2019 oecumenica
2268 1953 2615 2017 Florentius

439 2054 714 2138 synodo,
779 2057 849 2120 in
899 2076 1019 2143 qua
1072 2078 1235 2123 nova
1287 2057 1574 2123 ecclesiae
1627 2055 1893 2122 Graecae
1931 2078 2072 2120 cum
2112 2057 2324 2120 Latina
2366 2055 2612 2120 tandem

439 2170 533 2223 est
555 2157 900 2224 condiiatio
938 2159 1186 2224 sancita.
1285 2181 1499 2224 verum
1539 2171 1604 2224 et
1628 2162 1706 2223 ab
1731 2160 1847 2223 hac
1870 2181 2075 2225 rursus
2116 2160 2418 2246 plerisque
2435 2160 2612 2246 ipso-

438 2282 578 2327 rum
629 2262 1073 2341 resilientibus,
1114 2260 1496 2326 Mahometes
1532 2260 1617 2340 Π,
1657 2261 1960 2327 Amuratis
2001 2260 2251 2326 secundi
2304 2282 2614 2327 successor
2680 2263 2683 2266 ’

438 2373 501 2429 et
546 2363 739 2446 filius,
787 2362 1378 2453 Constantinopolim
1423 2365 1488 2430 vi
1538 2364 1700 2453 cepit
1737 2385 1897 2428 anno
1954 2364 2097 2431 Chr.
2145 2360 2337 2434 1453
2404 2376 2464 2429 et
2506 2386 2610 2429 ur·

436 2466 534 2533 bis
570 2480 957 2556 expupatae
989 2468 1180 2532 ruinis
1219 2471 1436 2532 obruto
1477 2465 1873 2533 Constantino
1921 2469 2286 2555 imperatore
2322 2468 2455 2532 eius
2495 2490 2614 2532 no-

434 2569 627 2635 minis
689 2582 954 2651 octavo,
1015 2568 1547 2682 Palaeologorum
1582 2567 1910 2633 Andronici
1979 2582 2357 2656 posterorum
2399 2568 2613 2635 ordine

436 2684 649 2755 sexto,
698 2684 864 2738 sorte
904 2673 1158 2753 ultimo,
1221 2673 1548 2762 imperium
1591 2671 1903 2738 Orientale
1939 2673 2244 2753 abolevit,
2292 2673 2615 2737 manifeste
2655 2691 2664 2703 ·

436 2778 595 2841 ulnis
647 2775 970 2842 rescissem
1006 2798 1047 2841 a
1087 2773 1335 2842 Graecis
1385 2774 1714 2841 secundam
1764 2796 1906 2839 cum
1959 2775 2194 2841 Latinis
2252 2773 2611 2842 conventio-

436 2899 582 2943 nem
626 2879 867 2965 publice
915 2879 1129 2943 initam
1186 2878 1560 2958 Florentiae,
1614 2878 1767 2941 sicut
1815 2875 1893 2939 ad
1941 2877 2163 2964 prioris
2215 2876 2610 2941 violationem

378 3049 385 3058 ,
435 2980 502 3044 in
543 2978 934 3062 Lugdunensi
969 2980 1224 3044 coelites
1265 2980 1521 3044 concilio
1570 2977 1995 3045 vindicandam
2036 2980 2333 3042 excitatus
2384 2977 2610 3041 divini-

434 3094 531 3147 tus
572 3083 767 3146 suerat
806 3082 873 3145 in
914 3081 1215 3147 maium
1259 3080 1391 3146 eius
1444 3080 1603 3146 serie
1648 3080 1930 3146 continua
1968 3092 2129 3145 retro
2167 3092 2379 3145 sextus
2420 3078 2610 3146 Otto-

432 3204 669 3252 manes.
1722 3251 1730 3260 .

633 3286 723 3352 V.
822 3286 1016 3353 Huius
1058 3288 1194 3353 orbi
1232 3289 1519 3355 universo
1555 3287 2040 3352 luctuosissimus
2075 3285 2420 3368 tragoediae
2474 3286 2605 3404 pri-

431 3411 575 3455 mna
610 3400 779 3455 actus
815 3388 1189 3475 Pacbymere
1223 3389 1476 3457 docente
1518 3392 1586 3456 in
1637 3393 1787 3471 hac,
1849 3390 2020 3454 cuius
2066 3387 2258 3454 modo
2312 3388 2604 3476 siparium

431 3491 807 3572 adnuimus,
874 3514 1055 3559 scene
1080 3495 1248 3560 velut
1289 3493 1551 3582 quadam
1575 3492 1819 3558 luditur.
1920 3513 2220 3578 nusquam
2244 3492 2391 3556 alibi
2432 3491 2605 3578 prin-

433 3594 663 3681 cipatus
715 3594 894 3660 istius
947 3595 1162 3683 nuptm,-
1214 3589 1421 3678 δόξας,
1463 3608 1642 3675 vota,
1694 3616 1863 3677 orsa,
1913 3593 2245 3675 destinata,
2292 3594 2604 3658 machina-

430 3707 779 3763 mentorum
830 3698 1112 3787 obliquos
1154 3699 1383 3782 flemus,
1430 3702 1669 3766 fucosas
1722 3698 1959 3786 species
2007 3698 2391 3777 obtentuum,
2432 3706 2603 3760 astu-

431 3810 631 3863 tarum
678 3818 895 3865 arcana
944 3802 1331 3868 molitionum
1348 3850 1369 3883 ,
1429 3804 1600 3869 vafra
1656 3799 1992 3887 eademque
2047 3819 2214 3863 cassa
2250 3801 2606 3886 plerumque
2696 3847 2703 3854 .

431 3921 711 3967 successu
785 3905 1007 3970 artium
1071 3904 1497 3970 illaudatamm
1560 3915 1931 3978 tentamenta
1984 3901 2248 3990 reperias
2308 3899 2604 3986 descripta

430 4001 684 4068 candide
712 4050 734 4084 ,
782 4009 1074 4090 patefacta
1100 4007 1451 4096 simpliciter·
1486 4030 1524 4072 a
1566 4006 1807 4071 conscio
1850 4018 1914 4070 et
1957 4015 2224 4090 autopta.
2327 4023 2604 4068 summos

430 4106 618 4172 modo
674 4105 889 4172 harum
926 4109 1127 4197 apices
1163 4131 1365 4174 rerum
1407 4112 1730 4199 pervolans
1766 4107 2004 4190 stringit
2044 4103 2341 4188 Gregoras
2354 4154 2371 4186 ,
2409 4125 2604 4184 ›unus,

429 4208 592 4295 quod
646 4209 867 4291 sciam,
929 4213 1085 4277 alius
1123 4211 1490 4278 Graecorum
1547 4224 1789 4300 tempus
1844 4207 2007 4275 istud
2062 4219 2319 4274 tractam
2334 4256 2354 4289 ‚
2401 4206 2603 4270 idem-

428 4333 544 4396 que
590 4333 719 4375 non
768 4300 1047 4379 ominium
1101 4315 1409 4403 inspector
1459 4335 1745 4404 praesens
1758 4361 1778 4395 ,
1841 4314 2065 4402 quippe
2118 4311 2320 4375 iunior
2360 4309 2601 4391 Pachy-

424 4433 595 4480 mere
609 4462 628 4496 ‚
681 4435 791 4480 nec
835 4416 1272 4506 comparandus
1315 4420 1456 4504 huic
1516 4416 1804 4503 dignitate
1847 4427 1910 4483 et
1955 4416 2155 4505 impar
2194 4411 2452 4494 iudici03
2501 4412 2600 4476 in·
