3084 4850
752 436 941 507 un..
964 435 1082 508 ιιι.
1184 399 1935 510 ωιιοιιοιοοιόυε.
2322 442 2477 519 837

188 600 367 696 affl
439 600 692 696 2⁶:322·-
729 599 983 698 “gg-¹²⁸·
1139 606 1381 672 Arsenii
1418 610 1804 692 patriarchae
1847 612 2078 675 dudum
2111 615 2343 677 mortui
2372 635 2476 677 re·

1051 696 1281 779 liquiae
1326 695 1394 757 in
1439 697 1651 759 urbem
1694 700 1953 762 solemni
1992 721 2220 785 pompa
2252 722 2473 784 repor-

1049 793 1275 847 tantur.
1361 804 1415 846 c.
1446 788 1556 852 81.

1128 889 1345 951 Snltan
1402 887 1732 970 Babylonis
1793 888 2170 951 Christianos
2231 893 2475 974 Syriam

1049 976 1391 1038 obtinentes
1425 976 1590 1040 bello
1619 986 1820 1041 vexat.
1908 999 1963 1042 c.
1986 983 2092 1045 32.
2502 986 2551 1043 Ρ
2583 991 2688 1046 607

1132 1079 1526 1148 Andronicus
1580 1080 1915 1163 imperator
1969 1082 2189 1144 viduus
2242 1103 2476 1146 secun-

1046 1167 1185 1229 dam
1229 1168 1405 1230 ducit
1453 1169 1776 1246 coniugem
1813 1168 2032 1229 [renen
2068 1168 2260 1231 filiam
2301 1192 2470 1234 mar-

1044 1255 1281 1318 chionis
1309 1255 1771 1319 Montisfermti.
1861 1276 1919 1319 c.
1950 1259 2057 1322 88.

1129 1360 1361 1438 Veccus
1435 1361 1628 1422 Prusa
1710 1369 2004 1422 evocatus
2076 1353 2470 1442 congreditur

1041 1468 1187 1510 cum
1245 1446 1645 1509 schismaticis
1700 1447 1768 1508 in
1831 1447 2127 1512 Alexiaco
2176 1449 2468 1529 triclinio,

1042 1545 1104 1595 et
1138 1536 1437 1596 rationem
1482 1534 1688 1596 reddit
1722 1532 1870 1595 fidei
1906 1555 2052 1595 suae
2081 1547 2143 1598 et
2170 1546 2468 1597 actorum.

1041 1629 1242 1682 tamen
1271 1621 1345 1682 ab
1371 1622 1611 1683 infestis
1637 1621 2074 1690 condemnatus
2105 1622 2470 1704 deportatur

1042 1728 1183 1767 cum
1209 1708 1390 1768 sociis
1423 1707 1668 1772 duobus
1693 1705 2142 1769 archidiaconis
2169 1709 2233 1768 in
2266 1730 2470 1772 arcem

1039 1795 1102 1855 S.
1132 1793 1410 1872 Gregorii
1431 1841 1448 1870 ,
1493 1794 1603 1856 ubi
1635 1794 1805 1856 nulla
1848 1794 2054 1858 victua
2092 1796 2468 1877 provisione,

1037 1880 1359 1943 durissima
1408 1882 1690 1942 custodia
1735 1879 2083 1947 detinentur
2133 1902 2245 1950 sex
2288 1886 2466 1945 annis

1038 1968 1308 2047 integris.
1351 1990 1405 2029 c.
1428 1967 1513 2034 34
1537 1978 1600 2029 et
1625 1970 1730 2034 35.
1817 1969 1963 2029 vide
1989 1980 2305 2051 praeterea
2335 1990 2393 2034 c.
2420 1975 2467 2038 2

1039 2053 1221 2118 huius
1251 2055 1396 2117 libri
1425 2055 1680 2117 Observ.
1708 2061 1750 2121 8
1785 2077 1846 2116 n.
1875 2061 1938 2125 6.

1121 2160 1218 2221 Ex
1297 2159 1587 2240 neglectu
1653 2168 1715 2219 et
1787 2158 2099 2236 debilitate
2157 2160 2468 2223 Romanae

1034 2246 1246 2311 classis
1298 2246 1550 2307 licentia
1598 2243 1936 2326 piratarum
1987 2243 2465 2324 increbescente,

1031 2332 1314 2393 littorum
1351 2331 1599 2391 accolae
1634 2329 1897 2411 migrare
1923 2330 1991 2390 in
2022 2330 2466 2395 mediterranea

1031 2417 1333 2481 iubentur.
1422 2438 1476 2483 c.
1511 2422 1619 2484 87.

1115 2522 1364 2605 Scythis
1396 2520 1663 2583 Danubii
1690 2520 1916 2584 accolis
1952 2520 2370 2584 incursionem
2392 2522 2460 2585 in

1029 2609 1355 2672 Thraciam
1387 2620 1451 2670 et
1475 2608 1897 2671 Macedoniam
1925 2609 2320 2687 minantibus,
2361 2631 2465 2671 ca·-

1031 2699 1218 2761 daver
1262 2696 1579 2765 MicbsEIis
1620 2696 2045 2779 imperatoris,
2090 2718 2167 2758 ne
2211 2697 2286 2758 ab
2333 2698 2463 2771 illis

1031 2785 1301 2847 ablatum
1328 2784 1756 2849 redimendum
1789 2787 1948 2847 foret
1974 2792 2206 2867 postea,
2250 2803 2327 2845 ex
2355 2785 2464 2846 Al-

1029 2874 1162 2956 lage
1185 2871 1528 2954 Selybriam
1559 2873 1945 2934 transfertur.
2021 2868 2184 2937 ibid.

1109 2975 1324 3038 Blachi
1374 2997 1452 3036 ne
1494 2994 1561 3036 se
1611 2976 1859 3058 Scythis
1900 2974 2333 3053 adiungerent,
2376 2993 2456 3053 ex

1027 3063 1301 3127 occidua
1346 3063 1701 3124 continente
1743 3064 1809 3123 in
1853 3063 2223 3124 orientalem
2250 3069 2456 3122 trans-

1024 3154 1249 3214 fretare
1278 3160 1600 3230 coguntur.
1690 3147 1838 3211 ibid.
1866 3171 1925 3232 p.
1953 3154 2037 3217 66
2065 3148 2208 3209 edit.
2228 3147 2458 3210 Possin.

1113 3357 1415 3419 Martinus
1440 3357 1524 3420 lv
1569 3377 1729 3422 aum.
1777 3367 1947 3438 pont.
1985 3357 2217 3418 Perusii
2258 3355 2456 3417 mori-

1031 3454 1133 3506 tur
1186 3444 1229 3512 4
1280 3445 1526 3508 kalend.
1578 3447 1729 3529 Apr.
1778 3443 1897 3505 ha:
1942 3453 2034 3504 est
2090 3447 2176 3512 29
2224 3443 2451 3505 Martii.

1028 3531 1178 3595 huic
1221 3531 1511 3609 suffectus
1547 3544 1637 3595 est
1668 3531 1927 3595 Iacobus
1955 3531 2243 3592 diaeonus
2272 3529 2451 3591 Card.

1027 3639 1062 3681 e
1104 3618 1334 3680 familia
1365 3621 1639 3700 Sabella,
1691 3619 1796 3701 qui
1834 3628 2160 3684 coronatus
2204 3627 2296 3679 est
2322 3619 2450 3681 Ro-

1025 3726 1157 3768 mae
1187 3710 1268 3772 17
1295 3706 1421 3773 kal.
1453 3708 1591 3771 Maii
1608 3754 1627 3786 ‚
1670 3706 1874 3770 dictus
1900 3705 2206 3771 Honorius
2229 3704 2344 3768 lv.

1110 3811 1503 3899 europalates
1529 3813 2016 3895 Umpertupulus
2042 3811 2301 3892 Scythas
2330 3810 2447 3870 Da-

1022 3896 1194 3959 nubii
1225 3899 1464 3961 accolas
1493 3899 1621 3960 acie
1651 3899 1847 3961 vincit
1878 3910 1938 3960 et
1965 3901 2168 3977 sugat,
2213 3899 2278 3957 in
2318 3896 2446 3969 eius

1020 3985 1111 4046 rei
1152 3985 1303 4051 bene
1339 3997 1542 4068 gestae
1570 3987 1914 4068 praemium
1943 4004 2196 4067 magnus
2230 3981 2445 4067 papias

1021 4081 1276 4137 creatus.
1361 4095 1417 4137 c.
1445 4078 1551 4141 29.

1074 4177 1489 4262 ·Diaceptatur
1520 4178 1682 4241 inter
1722 4173 2157 4240 ecclesiasticos
2186 4172 2264 4233 de
2290 4170 2443 4234 alle-

1022 4256 1177 4347 gatis
1206 4281 1446 4348 patrum
1473 4265 1836 4327 testimoniis
1866 4284 1901 4324 a
1933 4262 2154 4339 vacco,
2198 4258 2344 4320 dum
2371 4259 2440 4321 in

1023 4354 1334 4433 colloquio
1393 4351 1679 4434 synodali
1732 4350 1977 4413 auditus
2028 4358 2150 4431 est;
2219 4346 2442 4429 quibua

1023 4440 1202 4500 multi
1234 4460 1359 4502 non
1399 4440 1554 4501 bene
1592 4439 1976 4501 satisfactum
2018 4434 2443 4502 mussitabant.

1024 4527 1063 4588 l.
1101 4529 1146 4593 2
1180 4531 1297 4594 c.1
1335 4549 1398 4612 p.
1432 4525 1735 4598 netu.
