3084 4850
896 466 1059 538 un.
1106 465 1162 537 1.
1266 465 1829 539 GLossAmUm.
2328 470 2486 546 69⁷

230 628 477 719 μισμᾶν
510 632 826 719 privatum
863 633 1100 699 lumine
1141 634 1467 699 oculorum
1511 656 1737 700 vocare
1777 636 2129 721 potuerint,
2185 635 2364 720 qnasi
2407 636 2489 701 sd

230 723 677 784 cumulandam
703 722 1105 785 calamitatem
1127 722 1395 786 bominis
1417 723 1703 809 principe
1728 744 2167 809 corporeorum
2194 743 2487 787 sensuum

231 810 477 887 orbati·
538 830 662 892 quo
705 830 924 892 genere
966 811 1167 873 solatii
1209 830 1514 873 recreasse
1557 830 1809 874 coecum
1864 810 2193 894 Didymum
2228 832 2486 893 magnus
2519 827 2605 884 Ρ.

229 896 391 959 olim
421 854 726 958 A’ntonins
751 897 1009 978 legitur,
1053 917 1278 978 negans
1304 918 1488 980 grave
1514 897 1612 960 illi
1640 917 1770 960 esse
1795 897 2047 979 debere,
2091 898 2257 981 quod
2288 898 2489 961 desti-

227 991 517 1046 tueretur
539 985 948 1047 instrumento
975 1004 1273 1067 corporeo
1300 984 1558 1048 videndi
1595 986 1907 1048 communi
1935 985 2171 1047 homini
2193 1005 2330 1046 cum
2364 1004 2487 1048 cu-

227 1068 464 1132 licibus
496 1081 560 1132 et
584 1070 813 1133 infimis
843 1071 1247 1149 insectorum,
1291 1091 1434 1134 cnm
1469 1083 1675 1136 mente
1703 1072 1937 1136 valeret
1964 1073 2305 1136 aemulante
2330 1092 2487 1156 per-

229 1157 550 1241 apicacem
582 1157 1046 1240 intelligentiam
1081 1158 1521 1220 immortalium
1559 1159 1898 1236 mentium.
1959 1159 2311 1244 praesertim
2341 1178 2487 1221 cum

227 1244 687 1326 ingeniosiores
727 1254 792 1306 et
830 1245 1133 1308 acutiores
1181 1246 1548 1328 plerumque
1603 1245 1858 1309 caeteris
1911 1245 1981 1308 in
2023 1245 2485 1331 operationibus

229 1331 469 1394 mentis
510 1332 652 1395 luce
690 1332 846 1395 cassi
886 1333 1207 1395 oculorum
1238 1332 1622 1414 experientia
1665 1333 2034 1415 probentur3
2076 1333 2245 1395 unde
2271 1344 2334 1396 et
2360 1333 2492 1395 De-

229 1419 575 1482 mocritum
604 1419 782 1480 aiunt
801 1466 821 1497 ,
865 1440 986 1501 quo
1023 1418 1556 1503 philosopharetur
1579 1420 1842 1499 felicius,
1887 1419 2056 1483 ultro
2085 1420 2203 1481 sibi
2230 1417 2491 1482 videndi

231 1525 492 1570 sonsum
514 1506 827 1567 ademisse.
914 1506 1023 1569 sed
1057 1506 1206 1569 haec
1235 1508 1416 1569 nimis
1444 1508 1641 1570 multa
1658 1516 1832 1569 exn-a
1858 1527 1990 1569 rem
2018 1516 2307 1569 nostram.
2364 1503 2492 1568 boc

231 1592 479 1677 quippe
512 1591 714 1654 solum
737 1591 1078 1674 significare
1100 1595 1306 1657 volui.
1350 1615 1458 1658 sen
1484 1615 1613 1657 vox
1638 1594 1855 1656 Latina
1905 1615 2118 1656 coecus
2144 1614 2254 1676 per
2278 1611 2353 1655 oe
2379 1612 2492 1655 seu

231 1699 471 1741 caecus
492 1700 604 1760 per
628 1700 700 1742 ae
730 1678 1065 1758 scribatur,
1115 1691 1176 1742 et
1204 1680 1375 1742 cuius
1414 1700 1484 1742 ea
1511 1681 1757 1744 demum
1803 1700 2068 1782 cumque
2101 1681 2186 1743 sit
2212 1678 2492 1762 originis,

227 1765 397 1829 mihi
427 1765 630 1828 videri
668 1766 985 1849 probabile
1039 1765 1371 1829 monachos
1411 1767 1712 1849 quosdam
1767 1768 1997 1849 passim
2035 1766 2321 1830 celebres
2345 1767 2492 1829 visu

226 1852 511 1932 orbatos,
551 1874 585 1914 a
615 1853 1286 1957 constantinopolitane
1312 1855 1511 1937 plebe,
1556 1875 1634 1917 ex
1665 1854 1975 1936 frequenti
1999 1854 2295 1917 convictu
2323 1873 2494 1915 com-

227 1940 591 2023 mercioque
628 1939 989 2003 Latinorum
1029 1940 1223 2004 multa
1265 1942 1333 2002 in
1379 1962 1556 2004 ιιιιιιι
1592 1941 1889 2004 vocabula
1926 1940 2196 2023 lingnam
2221 1940 2492 2002 transse-

227 2037 421 2092 rents
454 2029 715 2106 mizon
753 2027 884 2090 sive
927 2029 1180 2105 ιιοὶκονς
1217 2051 1528 2111 μοναχους
1567 2028 1803 2108 dictos,
1859 2028 2049 2110 idque
2070 2028 2325 2110 vulgare
2349 2047 2493 2089 ver-

227 2114 394 2178 bum
436 2116 803 2199 expressione
845 2115 975 2178 vol.
1016 2115 1049 2178 1
1087 2137 1153 2199 p.
1192 2117 1323 2184 489
1362 2136 1427 2179 v·
1467 2122 1571 2184 16.
1627 2114 2096 2198 pachymeres»,
2147 2114 2297 2177 licet
2357 2115 2492 2176 eius

228 2201 516 2280 librarii,
577 2203 861 2265 codicum
913 2222 1068 2284 qnos
1117 2204 1391 2266 vidimus
1427 2203 1873 2285 deum-iptores,
1914 2202 1983 2265 in
2026 2204 2155 2265 eius
2181 2200 2496 2302 scriptura

229 2289 422 2352 verbi
464 2288 686 2359 leviter
732 2291 1106 2367 araverint,
1164 2286 1430 2365 κόκκους
1464 2310 1580 2372 pro
1616 2290 1874 2366 καίκονς
1913 2298 2024 2350 ιιιι
2054 2291 2305 2364 ιωίιιους
2330 2289 2498 2350 scri-

231 2374 478 2439 bontes.
533 2375 804 2478 reperio
835 2375 1001 2459 apud
1025 2374 1401 2459 Hesychius»
1428 2310 1682 2455 signove
1711 2369 2024 2460 οὖρανοιὶς
2046 2373 2239 2460 'Papo
2241 2382 2367 2441 iot.-
2410 2394 2494 2436 an

231 2462 438 2544 magis
465 2461 690 2525 mirum
716 2463 913 2524 coelos
947 2483 1163 2526 vocem
1194 2464 1467 2525 Latinam
1514 2486 1551 2525 ι
1586 2463 1837 2527 Graecis
1873 2462 1952 2525 ad
1979 2464 2142 2526 idem
2170 2462 2338 2545 quod
2363 2462 2501 2524 Bo·-

235 2570 424 2611 mane
458 2560 640 2612 sonat
681 2549 1152 2631 significandum
1195 2560 1592 2633 usurpatam,
1669 2571 1852 2632 quam
1895 2556 2116 2616 ao‘sitov
2163 2552 2239 2612 ab
2278 2549 2500 2612 iisdem

236 2636 485 2700 dictum
520 2632 783 2719 τυφλὸν,
840 2637 1130 2720 quoniam
1171 2639 1262 2701 sic
1301 2639 1502 2700 Latini
1550 2638 1824 2700 vocant?
1883 2648 1947 2701 et
1983 2637 2091 2699 bic
2127 2638 2309 2699 etism
2348 2646 2505 2698 notu

237 2724 507 2787 abusum
557 2724 944 2808 scriptionis,
1007 2726 1157 2787 dum
1198 2732 1416 2792 καῖλον
1471 2735 1779 2807 tamquam
1834 2746 1913 2787 ex
1969 2724 2185 2786 Latino
2252 2724 2503 2784 caelans

239 2813 482 2874 Graece
519 2813 853 2892 scribitur,
926 2812 1093 2893 quod
1139 2814 1390 2875 omnino
1434 2813 1620 2875 scribi
1659 2812 1872 2874 debuit
1922 2812 2176 2890 Latine,
2237 2810 2499 2874 coelum.

237 2909 339 2962 est
369 2898 531 2961 enim
576 2900 890 2962 manifeste
933 2921 967 2960 a
995 2901 1227 2961 Graeco
1258 2907 1478 2966 κοῖλον
1514 2921 1779 2975 cavum3
1824 2907 1895 2960 ut
1916 2900 2117 2960 minus
2141 2906 2204 2959 te
2228 2906 2498 2974 moveat,

237 2987 295 3049 ai
317 3031 338 3064 ,
386 2985 556 3067 quod
586 2987 966 3067 monuimus,
1008 2988 1379 3050 increbuerit
1414 3009 1564 3050 usus
1611 2985 1916 3049 scribendi
1954 3006 2206 3065 caecus,
2246 3004 2390 3047 cum
2413 2984 2503 3046 sit

236 3072 478 3136 rectius
504 3094 733 3134 coecus.

418 3160 1097 3242 κουβουκλιίσιος
1153 3183 1212 3242 p.
1256 3159 1384 3226 480
1435 3179 1495 3219 v.
1539 3159 1602 3225 5.
1686 3158 1814 3238 agit
1867 3157 1945 3218 de
1992 3157 2233 3219 honore
2283 3155 2493 3217 habito

237 3245 498 3326 corpori
526 3255 668 3328 post
691 3246 940 3327 longum
969 3255 1213 3329 tempus
1255 3247 1612 3327 incorrupto
1642 3253 1889 3327 reperto
1930 3245 2245 3306 cuiusdam
2271 3263 2495 3304 mona-

240 3332 385 3409 chi,
430 3352 612 3413 quem
637 3334 1139 3415 κουβουκλείσιον
1185 3333 1374 3410 dicit,
1434 3330 1558 3393 hoc
1598 3341 1722 3410 est,
1768 3352 1845 3393 ex
1884 3351 1957 3392 eo
1993 3351 2210 3414 genere
2235 3331 2341 3412 qui
2373 3351 2496 3391 ex-

240 3419 584 3502 quisitioris
619 3420 934 3500 religionis
976 3440 1156 3481 causa
1207 3428 1502 3502 perpetuo
1547 3419 1772 3481 inclusi
1832 3420 1985 3480 cella
2025 3419 2493 3502 permanebant3

241 3506 527 3589 qualium
554 3528 695 3569 cum
724 3508 807 3569 sit
845 3506 1208 3568 creberrima
1249 3505 1316 3567 in
1342 3506 1766 3569 ecclesiasticis
1794 3506 2065 3568 historiis
2092 3506 2342 3581 mentio,
2386 3506 2499 3566 lu·-

242 3593 545 3655 eris-cere
583 3616 834 3677 operam
895 3615 1145 3676 possum
1191 3593 1648 3656 demonstrandi
1694 3595 1843 3655 tales
1887 3594 2161 3655 extitisse
2201 3592 2498 3674 exemplis

245 3699 410 3760 quae
443 3683 666 3762 passim
698 3691 1084 3744 occurrerent
1111 3681 1485 3760 colligendis.
1563 3692 1801 3742 tantum
1831 3680 1989 3757 dico,
2037 3700 2190 3760 quos
2221 3680 2496 3740 inclusos

245 3767 454 3827 Latini
486 3778 743 3848 vocant,
787 3767 892 3830 hic
924 3791 959 3828 a
994 3768 1361 3850 Pacliymere
1386 3768 1925 3851 κουβουκλεισίους
1951 3765 2097 3847 dici,
2130 3769 2303 3849 quasi
2330 3769 2498 3827 clau-

243 3873 349 3916 sos
375 3853 698 3916 cubiculo:
758 3877 900 3918 nam
934 3859 1372 3939 κουβουκλεῖον
1428 3858 1648 3918 Graeci
1685 3856 2084 3939 postem'ores,
2135 3874 2289 3914 voce
2322 3874 2355 3913 a
2388 3855 2500 3912 La-

245 3940 403 4002 tinia
451 3950 771 4024 mutuata,
828 3945 1193 4004 cubiculum
1252 3944 1674 4027 sppellarnnt‚
1742 3951 1813 4002 ut
1861 3943 2094 4002 dudum
2153 3942 2506 4002 observavit

245 4028 578 4091 meursius.
664 4030 902 4091 eosdem
929 4030 959 4096 ἕ
959 4033 1305 4116 γκλείστους
1336 4031 1681 4092 nominatos
1706 4030 2100 4109 intelligimus
2142 4047 2220 4087 ex
2247 4027 2508 4108 epistola

248 4118 315 4177 8.
344 4113 602 4176 Abbatis
632 4115 776 4196 Nili,
804 4117 849 4179 l.
875 4122 918 4183 2
949 4123 1036 4186 96
1065 4119 1130 4178 in
1158 4118 1423 4179 editione
1450 4138 1683 4199 nupera
1704 4118 1920 4177 Leonis
1935 4114 2148 4177 Allatii
2177 4120 2291 4179 τοῦ
2312 4139 2506 4178 navv-

249 4222 322 4264 ιι
361 4200 720 4264 inscribitur
757 4206 1322 4270 ΦΙΛΟΤΜΕΝΩι
1349 4208 1841 4269 ΕΓΚΛΙΣΤΩι.
1896 4204 1983 4264 ita
2009 4203 2285 4300 oportuit
2314 4203 2377 4261 in
2412 4225 2507 4263 ms

251 4289 598 4372 archetypo
644 4288 795 4370 legi,
857 4292 975 4355 nisi
1033 4313 1206 4354 error
1266 4302 1358 4353 est
1410 4290 1816 4374 typographi.
1875 4289 1983 4352 sed
2035 4295 2228 4349 ausim
2285 4289 2506 4370 quovis

251 4376 518 4460 pignore
550 4376 919 4440 contendere
953 4378 1270 4466 ἕγκλείστῳ
1318 4379 1620 4460 scriptum
1657 4402 1692 4439 a
1727 4378 1880 4437 Nilo.
1968 4377 2091 4454 agit
2118 4375 2278 4434 enim
2309 4375 2511 4435 moni-

252 4466 410 4527 feste
452 4485 598 4527 cum
643 4461 922 4543 bomine,
984 4468 1091 4548 qui
1120 4477 1340 4548 sponte
1373 4466 1646 4526 inclusus
1680 4464 1952 4544 degeret;
2000 4481 2176 4541 quem
2217 4471 2279 4521 et
2303 4461 2506 4540 arguit

256 4550 431 4633 qnod
457 4571 682 4637 parum
716 4561 1121 4616 consentanee
1149 4554 1261 4615 tali
1288 4552 1657 4635 professioni
1682 4552 1938 4616 viveret.
1993 4546 2327 4609 describam
2358 4557 2503 4608 tan·
