3084 4850
812 397 972 467 un.
1000 396 1113 469 111.
1202 396 1951 467 CHRONOLOGICUS.
2352 399 2452 471 84
2465 400 2500 470 1

266 560 421 655 222¹
483 559 735 655 ἓξὲξ-ἵζ’.
774 558 1027 656 ’.π’
1096 564 1431 628 deductore
1469 564 1779 627 curiosius
1827 585 2011 647 quam
2047 585 2192 629 suae
2228 565 2509 648 dignitati

460 703 467 712 ,
518 661 712 706 unio-n.
1012 714 1024 726 ,
1099 652 1491 728 conveniret,
1531 651 1858 735 Atramytii
1905 663 2094 715 noctu
2141 675 2176 715 a
2214 655 2508 716 comitatu

513 713 701 808 malai
778 714 1024 760 ⁶⁸⁸¹⁰¹¹⁶¹
1094 759 1159 799 se
1201 740 1533 820 abiungens
1573 740 1731 820 fugit
1769 739 1847 800 ad
1890 740 2133 814 Persas,
2177 750 2239 801 et
2284 740 2508 803 borum

238 828 432 893 1291
604 820 650 886 4
1095 827 1327 888 auxilio
1353 828 1670 889 Amurium
1693 837 2027 909 oppugnat.
2112 826 2155 891 l.
2182 825 2225 891 4
2254 849 2310 888 c.
2340 829 2444 894 26.

1178 930 1334 991 Filia
1383 930 1515 992 eius
1562 929 1629 991 in
1683 931 1837 992 urba
1882 931 2057 994 obses
2098 940 2331 994 retenta
2374 931 2510 993 illic

1094 1016 1409 1081 educatur.
1495 1017 1540 1080 l.
1565 1024 1610 1083 7
1633 1037 1686 1079 c.
1716 1021 1826 1083 22.

1173 1221 1311 1285 Boc
1339 1243 1498 1283 anno
1533 1222 1924 1284 Andronicus
1946 1225 2279 1305 imperator
2303 1236 2506 1286 natam
2543 1230 2584 1287 Ρ
2619 1230 2726 1285 610

1090 1309 1210 1372 sibi
1250 1308 1436 1370 filiam
1456 1355 1476 1389 ,
1521 1319 1797 1371 metuens
1829 1330 1908 1370 ne
1937 1330 2065 1371 non
2099 1311 2304 1371 vitalis
2329 1307 2509 1390 esset,

1088 1395 1255 1479 quod
1282 1405 1412 1456 erat
1439 1394 1754 1477 aliquoties
1783 1405 2072 1479 expertus
2105 1397 2412 1458 infelicem
2442 1399 2508 1457 in

1089 1481 1334 1546 feminis
1366 1482 1582 1544 uxoris
1619 1492 1897 1565 partum,
1940 1482 2355 1564 superstitiosa
2398 1504 2507 1544 ce·

1085 1570 1347 1633 rimonia'
1392 1570 1784 1655 praemunire
1820 1569 2051 1630 studuit
2096 1568 2171 1628 ab
2216 1570 2507 1631 eiusmodi

1086 1655 1395 1737 periculo,
1438 1655 1814 1717 Simonidem
1860 1676 1992 1716 eam
2029 1676 2257 1716 vocans
2284 1676 2362 1717 ex
2385 1677 2506 1718 ot>-

1088 1742 1331 1804 casione
1359 1741 1560 1801 eventi
1588 1741 1838 1801 narrati.
1923 1742 1970 1804 l.
1998 1745 2039 1807 8
2074 1760 2129 1805 c.
2157 1747 2262 1807 82.

1171 1843 1459 1907 Nicolaus
1488 1843 1575 1906 lv
1613 1845 1922 1905 Romanus
1966 1844 2245 1924 pontifex
2282 1844 2504 1906 Romae

1086 1931 1349 1994 moritur
1377 1932 1540 1993 circa
1568 1931 1792 1993 festum
1822 1930 2107 2009 Paschae,
2149 1931 2313 2012 quod
2339 1932 2503 1993 inci..

1087 2020 1183 2081 dit
1219 2018 1332 2080 illo
1380 2038 1542 2079 anno
1589 2018 1919 2094 bissextili,
1993 2016 2154 2098 cycli
2201 2018 2351 2079 solis
2399 2022 2503 2097 13,

1084 2106 1268 2167 lunae
1315 2109 1395 2180 1,
1461 2104 1531 2165 in
1592 2115 1832 2166 sextum
1888 2104 2151 2186 Aprilis,
2218 2126 2356 2166 cum
2401 2104 2503 2164 in-

1089 2192 1365 2253 choasset
1404 2210 1631 2252 annum
1689 2189 2086 2271 pontificatus
2140 2190 2418 2271 quintum
2469 2213 2505 2252 a

1086 2283 1174 2345 22
1204 2275 1510 2338 Februarii
1531 2320 1551 2349 ‚
1600 2275 1847 2338 circiter
1877 2297 1987 2359 per
2017 2277 2501 2359 sesquimensem.

1082 2363 1327 2427 vacavit
1352 2362 1521 2424 sedes
1545 2362 1729 2444 longo
1760 2364 2055 2446 tempore.

1171 2466 1567 2530 Andronicus
1604 2467 1939 2549 imperator
1987 2466 2510 2550 Constantinopo-

1084 2555 1194 2616 lim
1234 2554 1431 2631 redit,
1489 2554 1740 2614 fratrem
1794 2554 2258 2616 Constantinum
2303 2554 2372 2615 in
2415 2557 2508 2616 le-

1084 2643 1245 2703 ctica
1283 2638 1579 2702 clathrata
1614 2660 1822 2701 secum
1876 2640 2146 2716 ducens,
2188 2651 2249 2702 et
2275 2641 2365 2702 sic
2390 2662 2506 2704 ur·

1084 2728 1218 2790 bem
1245 2727 1592 2808 ingreditur
1617 2726 1715 2787 die
1746 2730 1831 2794 28
1860 2727 2039 2793 lunii.
2127 2727 2170 2789 l.
2194 2732 2237 2792 2
2270 2747 2326 2793 c.
2358 2734 2460 2796 20.

1168 2816 1385 2893 Magna
1410 2813 1843 2875 exardescente
1870 2813 1937 2874 in
1968 2811 2363 2875 Athanasium
2391 2834 2502 2894 pa-

1084 2900 1416 2963 triarcham
1460 2899 1692 2960 invidia
1735 2897 1817 2959 ob
1858 2892 2216 2961 ferum'eius
2238 2898 2499 2979 rigorem

1086 2998 1150 3049 et
1178 2987 1529 3048 immanium
1563 2986 1693 3046 eius
1725 2985 2143 3047 ministrorum
2182 3005 2389 3047 saevas
2431 2985 2499 3045 in

1083 3073 1342 3220 quosviz
1360 3072 1778 3219 ffimgiopz'
1810 3071 2329 3222 etz-{lesissticiatga
2356 3091 2496 3132 cau.

1081 3179 1301 3221 sasea
1443 3180 1545 3218 oa
1587 3177 1717 3219 scin
1759 3176 2005 3221 entus
2083 3178 2218 3220 ravi
2355 3177 2496 3219 suc·

1082 3255 1306 3308 censet.
1390 3243 1543 3306 ibid.
2042 3179 2081 3242 g

1167 3330 1491 3394 Theodoro
1535 3329 1844 3392 Muzaloni
1884 3330 2067 3410 longo
2121 3329 2335 3390 morbo
2377 3328 2495 3389 de-

1083 3418 1391 3480 cumbenti
1422 3418 1789 3480 substituere
1816 3417 2148 3496 imperator
2175 3413 2393 3494 incipit
2429 3415 2495 3474 in

1084 3526 1231 3566 cura
1276 3506 1567 3585 primaria
1618 3502 2057 3587 principalium
2111 3501 2493 3583 negotiorum

1084 3590 1495 3674 Nicephorum
1523 3590 1884 3652 Chumnum.
1972 3587 2119 3654 ibid.

1168 3659 1509 3760 Imperator
1547 3676 1733 3738 {iliam
1776 3675 2117 3737 Muzalonis
2162 3671 2337 3734 fratri
2383 3692 2496 3732 suo

1085 3764 1410 3827 Theodoro
1463 3760 1830 3844 despondet3
1882 3773 1955 3824 ·et
1998 3762 2076 3822 iis
2115 3757 2500 3841 sponsalibus

1087 3852 1302 3914 solutis
1344 3850 1424 3911 ob
1466 3846 1907 3932 deprehensum
1941 3849 2007 3908 in
2042 3846 2248 3930 puella
2282 3863 2359 3903 ex
2385 3843 2499 3902 iu-

1087 3946 1265 4001 cestu
1298 3945 1667 4020 praegnante
1709 3935 1933 3996 vitium
1977 3932 2227 3995 eandem
2266 3928 2498 3989 nihilo-

1087 4024 1287 4087 minus
1320 4023 1724 4084 Constantino
1764 4020 2018 4104 proprio
2045 4017 2178 4080 filio
2211 4036 2498 4100 sponsam

1085 4112 1370 4178 destinat.
1455 4110 1502 4174 l.
1528 4113 1573 4175 2
1604 4129 1657 4169 c.
1682 4111 1786 4175 26.

1174 4198 1338 4259 Idem
1402 4194 1777 4278 sophoniam
1836 4186 2374 4253 hieromonaobum
2432 4188 2498 4246 in

1087 4285 1369 4366 Apuliam
1406 4283 1659 4344 mittens
1704 4279 1785 4343 ad
1832 4278 1918 4340 ibi
1960 4274 2342 4337 tractandum
2387 4274 2494 4334 filii

1087 4372 1182 4431 sui
1236 4368 1546 4431 Michaelis
1598 4364 2055 4429 matrimonium
2120 4382 2258 4421 cum
2317 4372 2497 4440 nepte

1082 4456 1370 4519 Balduini
1410 4454 1556 4516 olim
1600 4450 2021 4536 imperatoris,
2071 4458 2212 4509 nata
2254 4466 2329 4508 ex
2372 4446 2497 4508 filia

454 4226 466 4262 a
