3084 4850
2 487 29 742 .-τ-Ν

839 288 999 358 LIB.
1048 284 1165 360 ΙΙΙ.
1273 283 2022 359 CHRONOLOGIGUS.
2408 285 2561 403 §65

330 450 471 547 322¹
534 446 786 546 '22⁸3ss
829 447 1079 546 “gg-„¹³⁶-
1145 453 1510 531 Pslmsrum,
1550 451 1677 514 sive
1704 450 1900 535 pridie
1933 451 2062 515 sius
2082 450 2238 530 sesti,
2265 451 2430 534 quod
2457 454 2561 518 ino

454 534 467 547 “
558 551 747 596 uncum.
1004 533 1016 546 ⁹
1148 563 1310 602 anno
1331 538 1559 602 Pascha
1579 538 1842 601 habente
1866 544 1950 609 26
1966 540 2167 602 Martii
2193 541 2439 602 omnino
2470 542 2565 603 in.

532 602 789 700 ⁰¹⁰¹}“m
826 601 1069 650 ‚tauro-zet
1148 629 1298 689 cidit
1321 628 1388 688 in
1416 632 1497 696 19
1521 626 1787 688 eiusdem
1815 628 2051 704 mensis,
2097 645 2168 687 uc
2189 646 2564 708 consequen-

294 718 494 783 1307
658 717 702 779 8
907 714 994 781 25
1146 724 1240 777 ter
1263 712 1628 798 praecedens
1648 713 1964 774 sabbatum
1988 718 2067 780 19
2080 712 2450 777 Martiidiem
2461 716 2564 777 in-

841 791 1066 840 ‘⁸⁰⁶⁸'st
1145 801 1320 874 sedit,
1362 800 1727 863 Itontzerius
1753 799 2019 862 Caesaris
2046 800 2297 881 insignia
2322 801 2400 862 ab
2428 800 2561 863 An-

910 849 990 916 14
1144 887 1398 950 dronico
1433 886 1797 969 imperatore
1829 886 1908 948 ad
1935 907 1999 947 se
2023 889 2233 964 missa,
2274 907 2412 949 eum
2438 889 2559 950 tri-

1141 974 1256 1035 bus
1284 983 1349 1035 et
1370 972 1617 1054 triginta
1651 995 2034 1035 nummorum
2060 993 2384 1035 aureorum
2412 974 2552 1036 mil·
2586 980 2634 1038 1²
2668 983 2773 1043 627

1139 1061 1318 1137 libus,
1356 1060 1702 1121 solemniter
1729 1058 1949 1123 induit.
2033 1060 2075 1121 l.
2107 1064 2150 1126 6
2180 1081 2233 1119 c.
2262 1066 2367 1127 22.

1227 1145 1588 1208 Rontzerius
1612 1146 1732 1206 iam
1769 1148 1982 1207 Caesar
2007 1165 2144 1206 cum
2179 1144 2303 1211 150
2331 1145 2501 1207 lectis
2525 1166 2561 1208 e

1142 1253 1394 1295 suorum
1429 1252 1686 1294 numero
1716 1230 2170 1312 Adrianopolim
2198 1251 2260 1290 se
2300 1233 2559 1310 confert,

1141 1321 1521 1381 salutaturus
1549 1320 1673 1380 illic
1708 1318 2054 1380 michaelem
2092 1318 2388 1380 iuniorem
2420 1320 2559 1382 Au-

1139 1416 1425 1489 gustum,
1465 1427 1503 1467 a
1539 1426 1664 1487 quo
1692 1405 2001 1488 magnifice
2038 1405 2355 1488 excipitur.
2438 1406 2485 1474 l.
2513 1411 2557 1475 6

1141 1514 1196 1557 e.
1234 1498 1341 1560 23·

1222 1576 1586 1640 Rontzerius
1615 1578 1832 1638 Caesar
1863 1576 1939 1637 ab
1965 1575 2167 1637 Alanis
2194 1576 2559 1641 interficitur

1139 1663 1531 1746 Adrianopoli
1572 1663 1638 1724 in
1680 1665 1814 1744 ipso
1857 1663 2033 1726 aditu
2060 1664 2319 1725 cubiculi
2348 1665 2558 1744 Augu-

1137 1761 1301 1829 stae,
1336 1751 1416 1812 ad
1457 1770 1642 1831 quam
1675 1749 2061 1814 salutandam
2101 1748 2558 1815 admittebatur.

1137 1839 1181 1901 l.
1212 1843 1254 1906 6
1283 1857 1337 1898 c.
1364 1836 1467 1904 24.

1223 1924 1366 1985 Eius
1415 1923 1664 1984 comites
1701 1921 1768 1983 in
1816 1921 2152 1984 custodiam
2205 1929 2359 1984 tunc
2408 1919 2558 2000 dati,
2588 1927 2616 1945 ‘

1139 2020 1346 2093 postea
1376 2012 1516 2091 suga
1539 2008 1795 2078 evadere
1823 2018 2128 2086 conantes,
2171 2007 2413 2086 obsessi,
2437 2030 2560 2091 op-

1137 2097 1421 2179 pugnati,
1463 2097 1598 2176 igne
1643 2095 1942 2177 absumpti
1975 2104 2140 2156 sunt.
2227 2095 2266 2155 l.
2299 2100 2341 2160 6
2373 2115 2426 2155 c.
2455 2102 2560 2163 38.

1225 2181 1493 2243 Catelani
1549 2180 1819 2261 callipoli
1850 2226 1867 2256 ,
1925 2180 2031 2242 ubi
2086 2180 2556 2243 dominabantur

1138 2268 1424 2329 Romanis
1471 2265 1556 2328 ibi
1600 2267 1929 2327 crudeliter
1973 2267 2333 2342 intersectis,
2389 2268 2556 2327 obsi-

1140 2353 1362 2416 dentur
1395 2353 1470 2415 ab
1500 2354 1772 2415 exercitu
1803 2356 2108 2432 Romano,
2159 2354 2310 2414 duce
2337 2374 2555 2434 magno

1138 2443 1508 2524 primicerio:
1566 2442 1673 2502 sed
1720 2442 2062 2514 obsidione,
2106 2441 2321 2502 fraude
2358 2442 2558 2522 impe-

1138 2531 1312 2591 tratis
1358 2529 1643 2604 indutiis,
1688 2529 1889 2589 laxata
1933 2547 2131 2589 arcem
2167 2528 2330 2587 illam
2380 2548 2556 2589 com-

1136 2616 1449 2694 meatibus,
1474 2606 1867 2696 et'praesidiis
1896 2616 2197 2676 muniunt.
2283 2623 2412 2676 tum
2440 2634 2557 2675 au-

1134 2704 1219 2764 cti
1276 2704 1461 2784 copiis
1526 2702 1795 2781 regiones
1846 2704 2147 2762 Romanas
2214 2699 2555 2769 incursant.

1012 2816 1018 2822 ·
1133 2790 1485 2851 Perinthum
1511 2788 1607 2847 die
1634 2791 1717 2853 28
1742 2788 1883 2847 Maii
1915 2789 1972 2848 vi
2005 2787 2270 2866 capiunt,
2302 2786 2554 2866 puberi-

1134 2877 1245 2935 bus
1276 2876 1355 2934 ibi
1387 2872 1634 2954 repertis
1670 2874 1896 2934 occisis.
1968 2882 2032 2934 et
2057 2872 2264 2932 eadem
2297 2873 2395 2933 die
2420 2883 2553 2934 tra-

1132 2964 1288 3021 iecto
1326 2952 1481 3021 freto
1514 2960 1709 3038 ignem
1750 2961 1926 3020 tectis
1961 2959 2206 3021 rusticis
2249 2979 2356 3040 per
2384 2981 2552 3022 cam-

1134 3069 1240 3129 pos
1268 3047 1563 3120 iniiciunt,
1594 3045 1802 3107 obvios
1830 3065 2069 3127 quoque
2095 3046 2549 3122 obtruncantes,

1133 3144 1194 3195 et
1231 3143 1523 3193 terrorem
1560 3133 1724 3193 urbis
1755 3134 1943 3215 ipsius
1985 3134 2176 3216 portis
2203 3133 2551 3209 admovent,

1132 3220 1601 3300 confugientium
1650 3220 1717 3280 in
1773 3232 1979 3283 tutum
2021 3219 2135 3282 vix
2179 3220 2550 3300 capientibus

1132 3305 1376 3368 turbam
1405 3305 1443 3365 l.
1474 3309 1515 3372 6
1542 3326 1592 3364 c.
1621 3310 1724 3372 25.

1218 3392 1545 3453 Cuiusdam
1620 3392 1884 3452 Catelani
1963 3388 2040 3450 ad
2120 3388 2552 3472 imperatorem

1129 3481 1506 3560 transfugae,
1557 3496 1731 3557 quem
1768 3479 1817 3539 is
1851 3475 2176 3538 Amiralem
2219 3486 2551 3554 creaverat,

1131 3566 1398 3649 proditio
1430 3564 1748 3644 detegitur.
1832 3563 1872 3624 l.
1901 3565 1942 3632 5
1972 3584 2022 3626 c.
2054 3566 2163 3631 26.

1216 3653 1365 3714 Inde
1392 3652 1687 3713 seditione
1724 3651 1788 3711 in
1825 3650 1976 3711 urbe
2010 3652 2340 3720 concitata,
2380 3647 2550 3730 plebs

1130 3739 1617 3819 quaerendorum
1704 3737 2126 3797 catelanorum
2233 3733 2546 3795 latentium

789 3742 800 4097 !
1130 3835 1456 3905 praetextu
1485 3823 1661 3886 aedes
1705 3824 1930 3886 civium
1970 3821 2175 3903 diripit
2213 3829 2273 3881 et
2304 3820 2548 3881 inflam-

1130 3921 1275 3973 mat.
1348 3910 1492 3973 ibid.

1216 3998 1437 4073 Frerii‚
1479 3997 1601 4057 hoc
1638 4002 1729 4053 est
1769 3990 2047 4054 monachi
2087 3990 2314 4066 Latini,
2363 3988 2548 4053 domo

1131 4092 1193 4143 et
1221 4085 1478 4164 templo,
1521 4099 1674 4162 quae
1703 4100 1997 4140 consensu
2022 4076 2398 4158 imperatoris
2444 4078 2546 4138 in-

788 4107 801 4412 Ι
1072 4098 1086 4423 Ι
1130 4178 1228 4230 tra
1252 4171 1467 4232 urbem
1498 4166 1832 4247 habebant,
1875 4186 1983 4248 per
2009 4162 2402 4224 Athanasium
2433 4184 2548 4244 pa-

1133 4254 1459 4325 triarcham
1521 4252 1931 4334 expelluntur.
2024 4247 2324 4312 exarchus
2379 4249 2550 4310 Pisa-

1132 4363 1264 4424 nus,
1305 4344 1412 4426 qui
1434 4343 1491 4404 ei
1513 4339 1855 4405 executioni
1879 4337 2241 4420 praefuerat,
2268 4355 2377 4418 per
2401 4337 2554 4397 sub-

406 4434 678 4511 Georgius
725 4434 1068 4508 Pachynon-es
1112 4435 1188 4491 11.
2049 4418 2138 4492 65
