3084 4850
918 355 1084 427 Lm.
1126 355 1183 428 1.
1262 354 1829 428 GtossARluM.
2338 359 2487 432 681

427 522 1122 613 ὃσκαμμστισμὸνος
1161 545 1222 608 p.
1259 524 1382 592 115
1409 546 1475 590 v,
1505 530 1606 594 11.
1691 525 1841 608 quid
1866 526 1946 589 sit
1968 524 2252 590 hocloco
2278 524 2493 611 lmp-

248 613 622 697 pampinos·
653 614 854 676 minus
889 613 1113 676 mirum
1137 622 1231 674 est
1252 612 1525 693 ignotum
1556 612 1704 676 mihi
1731 633 1857 675 esse
1883 634 2181 695 nusquam
2210 615 2351 676 alibi
2374 615 2498 677 tale

247 702 622 763 vocabulum
663 710 882 778 nacto,
936 721 1077 763 cum
1123 719 1201 762 ne
1241 699 1536 762 Vaticano
1578 701 1821 782 quidem
1866 700 2298 784 paraphrastae
2331 701 2501 765 vocis

246 786 439 849 huius
463 796 726 869 potestas
770 797 1078 871 perspecta
1103 786 1314 863 fuerit,
1356 795 1543 868 prout
1570 796 1817 871 apparet
1858 807 1938 848 ex
1968 807 2042 850 eo
2077 788 2246 869 quod
2281 788 2503 872 imp-

246 873 621 957 ματισμένος
642 876 760 937 viri
783 895 1003 937 nomen
1026 873 1304 954 intelligit
1333 873 1606 936 distincti
1631 897 1667 936 a
1692 874 2163 956 Moschampare‚
2189 874 2372 936 huius
2394 875 2503 937 vi·-

247 962 477 1022 delicet
515 962 581 1021 in
617 961 1102 1045 chartophylacis
1147 961 1347 1025 officio
1385 962 1760 1025 successoris.
1844 962 1931 1023 sic
1968 964 2128 1025 euim
2169 962 2246 1024 ab
2283 981 2358 1022 eo
2398 960 2506 1023 hie

245 1047 429 1109 locus
452 1048 763 1110 redditur:
806 1045 1054 1154 ovpssaiv
1077 1046 1147 1114 di
1182 1073 1242 1113 τι
1271 1045 1378 1113 καὶ
1406 1047 1545 1131 περὶ
1577 1045 1683 1115 τὸν
1709 1047 2258 1133 ἔσκεμματισμὲνον
2290 1071 2506 1132 καρτο-

245 1130 514 1214 φύλακα
536 1135 641 1200 καὶ
674 1140 1129 1221 Μοσχαμπαρα.
1201 1134 1438 1217 ἔχοντες
1478 1128 1598 1201 οὖν
1627 1127 1805 1202 οὗτοι
1838 1135 1942 1200 καὶ
1975 1133 2096 1203 τόν.
2122 1140 2503 1218 Πεντεκκλη-

242 1216 488 1303 cadens*
516 1219 838 1288 ἕνεκότουν
866 1227 957 1309 τῷ
976 1217 1333 1308 πατριάρχῃ.
1380 1222 1468 1284 ita
1492 1222 1616 1301 ille,
1643 1232 1771 1284 tres
1795 1242 2046 1304 ponens,
2075 1222 2182 1284 ubi
2208 1222 2354 1284 satis
2378 1242 2504 1282 ma-

244 1309 475 1369 uiseste
509 1308 774 1372 duorum
803 1319 1040 1371 tantum
1078 1319 1293 1371 auctor
1316 1310 1626 1383 meminit,
1671 1308 2143 1392 Moschamparis
2167 1308 2504 1371 excharto-

242 1393 541 1478 phylacis
578 1406 641 1459 et
679 1395 1342 1479 Quinqueecclesiensis
1380 1396 1696 1460 antistitis.
1782 1416 1923 1457 uam
1955 1417 2098 1457 cum
2131 1396 2507 1458 nominasset

244 1482 824 1565 Μαμματισμένον
868 1478 1329 1568 zemomissao,
1388 1505 1538 1546 mox
1593 1503 1909 1566 exponens
1965 1484 2101 1564 quis
2141 1482 2196 1545 is
2239 1490 2394 1544 esset
2439 1491 2507 1544 et

246 1589 445 1651 qnam
483 1567 561 1628 ob
608 1589 845 1631 causam
882 1568 1440 1653 ἔσκαμμαπσμὲνος
1473 1570 1810 1648 diceretur,
1852 1568 2260 1652 parenthesim
2286 1568 2507 1630 inserit

246 1675 383 1735 qua
431 1654 613 1716 docet
656 1654 1178 1740 Moscbamparem
1237 1656 1446 1719 officio
1496 1655 2030 1739 chartophylacis,
2087 1656 2260 1738 prius
2315 1673 2504 1738 quam

244 1739 412 1803 haec
439 1739 659 1803 flerent
687 1743 911 1824 quibus
943 1764 1007 1807 se
1034 1742 1356 1807 narrandis
1384 1743 1767 1824 accingebat,
1811 1742 2161 1821 decessisse,
2203 1741 2329 1804 hoc
2361 1742 2503 1823 ipso

246 1827 542 1890 indicans
585 1827 1146 1913 ἕσκαμματισμὲνον
1175 1826 1609 1912 zemomissao
1634 1828 1740 1890 hic
1765 1850 1800 1889 a
1826 1850 1890 1891 se
1922 1829 2193 1912 positum
2225 1850 2345 1937 pro
2382 1848 2502 1889 ex-

245 1913 738 1998 chartophylace
765 1917 895 1979 sive
924 1916 1398 2001 chartophylace
1426 1925 1846 1979 exauctorato.
1932 1915 2081 1997 quid
2127 1936 2376 1998 σκαμμα
2418 1913 2501 1976 sit

245 2011 322 2064 et
373 2000 524 2082 quid
568 1998 646 2068 vd
688 2002 1068 2088 ἔσκαμμὲνα,
1111 2004 1342 2067 nemini
1375 2014 1469 2067 est
1496 2005 1773 2085 ignotum
1803 2022 1934 2065 non
1966 2003 2148 2085 plane
2180 2002 2504 2085 peregrino

247 2088 328 2151 in
356 2088 731 2151 Graecorum
762 2091 1056 2154 librorum
1081 2092 1367 2155 lectione.
1452 2090 1599 2173 quid
1629 2098 1831 2152 autem
1863 2088 1968 2150 hic
1997 2088 2378 2151 comminisci
2402 2107 2509 2150 ve-

246 2174 578 2239 risimilius
595 2197 920 2261 possumus
948 2199 1131 2260 quam
1159 2179 1260 2241 vel
1281 2176 1535 2240 finxisse
1563 2176 1991 2259 Pachymerem
2022 2177 2277 2238 verbum
2304 2194 2509 2257 σκαμ-

247 2262 534 2346 pactum
577 2283 658 2324 ex
691 2264 941 2327 nomine
980 2258 1266 2346 σκάμμα,
1310 2265 1411 2326 vel
1456 2263 1523 2324 id
1560 2261 1818 2326 verbum
1860 2271 1965 2322 aut
1991 2259 2158 2343 apud
2191 2270 2507 2323 auctorem

250 2346 443 2410 nobis
478 2348 854 2432 incognitum
900 2360 1210 2434 repertum
1250 2353 1363 2413 'aut
1408 2370 1528 2411 usu
1567 2348 1810 2433 vulgari
1852 2348 2149 2409 sermonis
2183 2347 2510 2431 Byzantiui

253 2444 420 2498 tune
469 2434 688 2498 tritum
731 2457 877 2500 suae
915 2436 1206 2500 historiae
1254 2437 1603 2504 inseruisse.
1687 2435 2026 2517 excogitari
2056 2456 2245 2519 porro
2275 2434 2511 2517 duplex

251 2530 468 2606 potest
493 2522 766 2584 notionis
798 2524 943 2585 talis
973 2523 1122 2587 huie
1148 2527 1475 2609 participio
1517 2521 2074 2607 ἔσκαμματισμὲνος
2100 2521 2223 2584 hoc
2246 2522 2387 2583 loco
2410 2524 2514 2582 in-

254 2607 431 2671 ditae
470 2609 649 2673 ratio.
754 2611 927 2693 prior
970 2613 1115 2694 quia
1159 2612 1530 2675 tabularium
1577 2611 2086 2684 ecclesiasticum,
2142 2609 2241 2671 cui
2285 2616 2509 2669 custo-

256 2693 491 2758 diendo
521 2698 907 2780 praepositus
940 2709 1068 2761 erat
1100 2698 1583 2782 chartophylax,
1625 2696 1917 2760 credibile
1943 2704 2034 2756 est
2060 2695 2127 2755 iu
2154 2697 2295 2757 loco
2324 2693 2512 2776 septis

261 2781 654 2845 circumdato
679 2784 869 2848 fuisse
892 2796 1225 2851 servatum.
1312 2797 1481 2870 septa
1512 2795 1718 2847 autem
1748 2779 2125 2864 ἐσκαμμένα,
2166 2792 2231 2845 et
2260 2775 2514 2862 σκάμμα

256 2870 444 2930 locus
488 2868 650 2931 fossa
691 2879 755 2932 et
799 2872 964 2935 vallo
1004 2871 1450 2936 circumclusus
1489 2871 1760 2950 dicitur;
1820 2869 1987 2930 uude
2027 2866 2510 2948 σκαμματισθείς

258 2963 376 3014 aut
406 2952 961 3039 δοκαμματισμὲνος
991 2959 1267 3039 dicetur,
1309 2962 1413 3040 qui
1443 2968 1616 3042 septo
1650 2953 2045 3020 ecclesiastici
2075 2954 2266 3016 archii
2297 2973 2513 3016 exces-

256 3039 421 3101 serit
454 3038 592 3101 inre
636 3043 854 3105 amisso
910 3045 1041 3106 illic
1090 3046 1467 3129 praesidendi
1516 3055 1655 3128 post
1697 3041 2192 3125 chartophylacis
2237 3039 2509 3100 officium

260 3126 581 3188 amissum.
652 3136 748 3189 est
780 3139 1093 3211 praeterea
1136 3126 1388 3217 σκάμμα
1431 3132 1620 3213 magis
1654 3129 1905 3213 proprie
1935 3129 2113 3188 locus
2143 3124 2504 3187 certaminis.

260 3213 678 3296 Hieronymus
718 3213 800 3276 ad
838 3215 1319 3281 pammachium
1360 3239 1477 3279 cur
1501 3229 1575 3279 eu
1605 3219 1853 3277 omissis
1884 3235 2071 3296 super
2105 3213 2337 3293 quibus
2371 3232 2507 3293 pu-

259 3322 402 3384 gna
427 3311 549 3378 eat,
592 3298 669 3360 de
697 3315 1033 3364 scammate
1060 3315 1116 3364 et
1145 3304 1276 3365 loco
1307 3307 1664 3365 certaminis
1695 3298 2038 3385 egrediens,
2076 3302 2145 3359 in
2160 3299 2510 3383 peregrinis

263 3399 327 3448 et
359 3387 543 3468 longe
574 3387 800 3450 alienis
826 3387 1366 3472 disputationibus
1397 3390 1794 3452 immoraris?
1849 3390 1939 3450 sic
1973 3395 2223 3450 sanctus
2250 3387 2511 3464 doctor5

260 3493 345 3536 ex
387 3493 518 3553 quo
559 3474 757 3555 liquet
795 3477 1182 3540 usitatissimo
1233 3477 1583 3556 significatu
1621 3472 1867 3559 σκάμμα
1907 3474 2031 3537 dici
2069 3485 2311 3558 septum
2337 3472 2501 3533 intra
2536 3473 2580 3532 P
2612 3492 2625 3518 ι

264 3558 440 3641 quod
471 3568 710 3624 certant
739 3561 1032 3643 athletae,
1077 3563 1240 3647 quod
1271 3565 1437 3626 Galli
1474 3563 1866 3644 chaum-clos
1910 3570 2155 3625 vocant.
2238 3559 2387 3621 hinc
2419 3558 2511 3618 al-

263 3655 400 3707 tera
439 3645 691 3709 ducitur
728 3670 911 3711 causa
954 3672 1070 3714 cur
1106 3674 1140 3712 a
1190 3651 1563 3736 Pachymere
1606 3649 2033 3731 Moschampsr
2057 3645 2513 3730 chartophylax

263 3729 394 3794 diei
450 3729 1007 3820 Ῑθῑαμβᾱῐισμὲνος
1063 3739 1362 3821 potuerit.
1481 3739 1864 3802 commiserat
1908 3734 2069 3797 euim
2106 3732 2161 3796 is
2194 3755 2323 3795 sese
2365 3751 2512 3793 cum

266 3818 473 3880 Vecco
511 3817 578 3878 in
616 3820 841 3883 celebri
889 3824 1000 3885 illo
1044 3825 1351 3908 colloquio
1398 3828 1442 3890 Ι.
1479 3831 1509 3892 1
1563 3847 1616 3887 c.
1647 3824 1731 3892 35
1777 3832 2023 3884 narrum
2049 3866 2068 3899 2
2112 3830 2325 3882 ⁰⁰¹¹m
2372 3837 2513 3880 ‘⁰¹¹¹

267 3906 628 3986 disputans,
669 3907 774 3968 sed
801 3908 1035 3972 infelici
1059 3932 1365 3975 successu:
1411 3932 1553 3973 nam
1581 3930 1733 3992 quae
1757 3910 1918 3972 dixit
1944 3907 2094 3970 adeo
2122 3906 2324 3969 valide
2370 3911 2516 3966 suut

270 4015 302 4054 a
348 3991 555 4053 vacco
608 4001 842 4073 retusa,
894 4006 968 4058 ut
1009 3998 1085 4060 ab
1132 3999 1267 4083 ipso
1309 3996 1688 4081 patriarcha,
1746 3997 1846 4057 cui
1896 4005 2043 4058 tunc
2096 3992 2518 4073 Moschampar

268 4076 618 4154 militabat,
659 4080 979 4162 reprobata
1023 4085 1167 4147 sint.
1253 4105 1445 4167 quare
1489 4083 1659 4165 quod
1709 4082 1893 4144 victis
1946 4079 2188 4143 athletis
2234 4087 2296 4139 et
2336 4086 2515 4160 septo

269 4165 470 4250 pulsia
511 4166 845 4229 convenire
890 4169 1215 4234 videbatur
1256 4168 1825 4256 ὃσκαμματισμὲνου
1872 4170 2001 4229 sive
2042 4163 2415 4244 ἕξωσθέντος
2446 4161 2517 4229 ἐκ

271 4247 636 4337 αᾶμματος
664 4253 1032 4317 vocabulum
1051 4304 1069 4335 ,
1115 4258 1491 4341 adaptaverit
1517 4256 1622 4317 hic
1647 4265 1857 4317 noster
1884 4251 2341 4334 Moschampari.

447 4331 775 4420 ιῦφυής.
860 4343 987 4408 vol.
1017 4343 1044 4403 1
1069 4365 1133 4426 p.
1163 4350 1249 4412 82
1278 4365 1338 4407 v.
1367 4351 1408 4413 8
1451 4344 1540 4405 sic
1568 4340 2001 4422 Pachymeies,
2044 4357 2285 4399 causam
2318 4332 2510 4395 morbi

273 4445 394 4506 quo
425 4424 601 4509 gravi
634 4434 696 4488 et
720 4427 900 4509 longo
938 4428 1240 4495 laboravit
1263 4432 1594 4515 imperator
1620 4429 1874 4490 loannes
1900 4424 2169 4487 Lascaris
2206 4422 2508 4486 indicans,
