3084 4850
737 304 903 375 Lm.
947 304 1066 383 111.
1144 331 1152 339 ·
1175 308 1932 384 CHRONOLOGIGUS.
2308 317 2465 393 84⁷

333 546 349 560 ο
433 465 684 554 ⁸⁰⁸⁸*-
717 467 975 567 hsshffl·
1046 473 1195 538 bant
1233 498 1269 539 a
1321 477 1449 546 kal.
1502 480 1633 543 Ian.
1682 482 1828 544 anni
1872 487 2181 568 aequentie
2237 439 2466 566 etms-ti

740 2806 895 2858 Andro

549 2814 595 2883 4
729 2874 955 2998 “323OE
1049 2907 1413 2971 auccedente
1436 2908 1529 2971 illi
1561 2910 1693 2972 filio
1721 2911 1960 2973 Alexio.
2043 2913 2086 2973 1.
2122 2916 2167 2980 3
2194 2933 2246 2973 c.
2277 2916 2381 2979 29.

842 3010 887 3077 6

897 2825 945 2859 Ι.

1047 567 1235 643 1298,
1279 575 1522 649 reperta
1558 578 1700 630 aunt
1737 571 1966 654 acripta
2008 571 2084 632 ab
2109 572 2467 656 Athanasio,

1042 660 1362 732 antequam
1412 653 1829 735 patriarchatu
1869 657 2149 738 cederet,
2200 679 2463 745 compo-

1039 735 1156 797 sita
1193 748 1250 799 et
1279 741 1623 819 recondita,
1668 743 1887 824 quibua
1912 745 2228 808 anathema
2261 748 2462 811 intor-

943 844 956 858 ·
1042 825 1265 904 quebat
1288 826 1353 886 in
1382 827 1497 888 eibi
1519 827 1928 894 adveraantee.
1995 831 2217 895 horum
2248 835 2463 898 lectio-

1037 930 1116 973 ne
1145 910 1406 974 turhatia
1425 914 1770 997 patriarcha
1797 928 1862 979 et
1889 918 2254 1001 imperatore
2268 969 2287 1000 ‚
2314 943 2459 984 con-

1037 1006 1257 1060 ventua
1299 998 1432 1082 ipae
1471 1004 1895 1084 expatriarcha
1941 1004 2303 1070 Athanaaiua
2339 1030 2462 1070 no-

1035 1104 1184 1146 vum
1200 1087 1498 1169 scriptum
1527 1088 1721 1168 dedit,
1747 1112 1868 1172 quo
1890 1091 1996 1153 illa
2012 1093 2223 1177 priora
2253 1115 2462 1158 emeti-

1036 1170 1219 1233 dabat
1243 1182 1349 1234 aut
1379 1175 1721 1241 revocabat.
1803 1178 1851 1244 l.
1880 1183 1922 1245 8
1947 1201 2004 1242 c.
2031 1178 2135 1249 24.

1119 1274 1376 1338 Ioannea
1404 1277 1809 1342 Tarohaniota
1825 1281 2095 1346 mittitur
2119 1306 2253 1347 cum
2278 1299 2459 1348 exet·-

1040 1362 1178 1423 citu
1225 1363 1303 1425 ad
1356 1362 1615 1436 limitem
1655 1367 1898 1450 imperii
1934 1369 2304 1434 firmandum
2352 1373 2463 1434 ad·

1033 1469 1245 1510 verane
1283 1449 1480 1512 minae
1521 1461 1582 1514 et
1619 1452 2001 1518 incursiones
2044 1458 2464 1521 Tocharorum

1032 1535 1443 1599 Triballorum
1479 1536 1812 1603 Serhorum
1844 1553 1905 1604 et
1933 1545 2288 1619 Persarum3
2334 1568 2460 1627 quo

1031 1620 1370 1776 ἷηέἱοεέιὲο
1414 1626 1750 1707 prudenter
1777 1639 1842 1691 et
1869 1638 2116 1693 strenue
2153 1643 2458 1696 vereatur.

1057 1749 1077 1772 ο
1176 1725 1228 1770 C·
1341 1757 1359 1774 .

1124 1811 1390 1875 michael
1431 1814 1819 1879 Constantini
1865 1817 2015 1880 olim
2055 1822 2216 1903 regia
2239 1822 2463 1900 Bulga-

1033 1898 1163 1962 riae
1190 1909 1252 1961 et
1296 1899 1526 1964 Mariae
1575 1903 1914 1967 Andronici
1955 1908 2358 1971 conaobrinae
2382 1910 2464 1970 fi-

1032 1986 1154 2049 liua
1191 1982 1267 2049 ah
1298 1985 1424 2050 hoc
1444 1989 1716 2053 mittitur
1740 1993 1814 2054 ad
1841 1997 2330 2076 recuperandum
2355 2019 2465 2079 pa-

1036 2083 1278 2135 ternum
1296 2092 1582 2155 regnum:
1612 2076 1723 2138 aed
1740 2079 2004 2141 factione
2033 2081 2164 2142 illic
2183 2081 2465 2164 Oaphen·

1033 2155 1318 2222 tiethlabi
1362 2162 1751 2243 praevalente
1766 2207 1788 2240 ,
1851 2163 2141 2229 excluana
2182 2168 2464 2232 Ternobo

1037 2244 1271 2306 circum
1294 2253 1478 2311 errat.
1566 2248 1614 2312 1.
1651 2253 1694 2317 8
1721 2268 1775 2311 c.
1800 2253 1908 2317 26.

1130 2347 1447 2415 Diluvinm
1476 2349 1818 2436 perniciose
1837 2352 2141 2417 inundana
2169 2375 2248 2418 ex
2269 2355 2470 2420 imbre

1034 2433 1378 2500 vehementi
1410 2448 1473 2501 et
1516 2439 1739 2522 longo,
1796 2442 1896 2505 die
1935 2447 2022 2511 29
2077 2443 2337 2526 Anguati
2362 2467 2471 2507 ca-

1036 2522 1254 2605 dente,
1298 2524 1549 2590 videtur
1575 2524 1698 2591 hoc
1719 2549 1883 2593 anno
1909 2530 2272 2614 contigiaae,
2316 2554 2468 2595 nar-

1039 2621 1243 2673 ratum
1285 2612 1331 2674 l.
1358 2618 1399 2682 3
1425 2634 1481 2679 c.
1507 2618 1617 2683 27.

1134 2820 1394 2883 Ioanne·
1452 2822 1749 2886 Lazornm
1829 2824 2116 2908 princepe
2182 2825 2468 2906 moritur,

1133 2995 1388 3057 Matrem
1413 2994 1598 3059 huiua
1618 2998 1951 3059 Eudociam
1976 3019 2011 3058 a
2039 2997 2160 3060 viri
2178 3008 2373 3060 morte
2388 2999 2467 3060 ad

1049 3081 1297 3143 fratrem
1334 3083 1759 3147 Andronicum
1804 3085 2236 3167 imperatorem
2305 3107 2469 3169 pro-

1042 3169 1266 3316 fectam
1292 3167 1395 3232 hic
1420 3171 1722 3235 collocare
1746 3172 1898 3235 crali
1926 3172 2172 3234 Serbiae
2221 3173 2466 3254 cogitat.

1068 3298 1088 3318 .
1114 3258 1159 3323 3
1190 3276 1244 3322 c.
1269 3256 1374 3326 30.

1128 3341 1386 3407 loannea
1409 3342 1645 3409 Veccua
1664 3343 1811 3406 olim
1827 3344 2178 3429 patriarcha
2207 3347 2468 3426 moritur

1043 3429 1113 3490 in
1147 3450 1388 3493 carcere
1442 3434 1609 3517 apud
1647 3452 1843 3495 arcem
1892 3435 1953 3497 S.
1998 3435 2313 3518 Gregorii,
2356 3437 2471 3499 aub

1044 3514 1228 3579 finem
1253 3517 1472 3581 Martii.
1561 3519 1607 3585 l'.
1641 3524 1683 3586 8
1715 3540 1768 3585 c.
1796 3525 1902 3587 29.

1131 3604 1406 3667 Eudocia
1434 3607 1498 3668 in
1520 3607 1822 3670 viduitate
1845 3618 2112 3691 peratare
2134 3620 2297 3672 certa
2318 3630 2471 3670 con-

1044 3689 1305 3755 nubium
1337 3693 1518 3756 oralia
1546 3694 1791 3757 Serbiae
1813 3707 2074 3760 recuaat.
2148 3694 2197 3761 l.
2226 3702 2267 3764 3
2293 3718 2344 3758 c.
2360 3702 2468 3763 80.

1135 3778 1220 3841 Ea
1247 3797 1357 3864 ape
1388 3779 1657 3844 deiectus
1698 3781 2087 3846 Andronicua
2115 3782 2472 3865 imperator,

1049 3884 1188 3927 cum
1236 3868 1642 3931 neceesarium
1693 3880 1942 3954 putaret
1984 3871 2296 3934 devincire
2352 3871 2471 3930 aibi

1047 3952 1274 4015 cralem
1310 3955 1607 4018 affinitate
1646 3957 1896 4040 intima,
1938 3958 2252 4042 propriam
2283 3956 2471 4018 filiam

1043 4040 1451 4122 Simonidem,
1498 4062 1627 4105 non
1671 4045 1931 4107 multum
1981 4045 2235 4107 aexenni
2273 4045 2471 4107 maio-

1040 4141 1211 4208 rem,
1259 4129 1379 4213 ἱροὶ
1422 4128 1605 4193 offert
1634 4131 1704 4191 in
1739 4153 2044 4213 aponum.
2128 4131 2172 4198 l.
2205 4137 2247 4199 8
2282 4153 2338 4196 c.
2371 4136 2477 4200 31-

1127 4214 1502 4301 Theophano
1543 4239 1720 4280 aoror
1766 4219 1995 4284 Mariae
2034 4219 2317 4302 coniugia
2360 4220 2475 4281 Mi.

1040 4300 1269 4366 chaelix
1291 4305 1549 4385 Auguati
1578 4304 1860 4385 iunioria,
1901 4306 2232 4370 Theodora
2264 4306 2476 4368 nomi-

1040 4398 1183 4453 nata
1227 4390 1297 4453 in
1338 4392 1694 4457 memoriam
1745 4395 1959 4459 matria
2008 4392 2352 4459 Andronici
2383 4393 2472 4455 aie
