3084 4850
696 314 857 387 Lm.
893 314 1014 388 111.
1116 314 1872 392 cHRONOLOGlctJS.
2255 315 2404 390 803

135 487 231 552 23
261 482 624 565 expletum,
671 486 757 550 24
797 483 1188 562 inchoatum,
1229 483 1539 546 Michaelis
1566 489 1648 552 12
1675 484 2024 562 evolutum,
2070 490 2150 552 13
2188 485 2402 548 initum

138 571 530 635 conveniret.
620 589 771 651 nego
814 572 1109 634 autemid
1134 573 1224 634 ite
1248 591 1412 650 esse,
1452 580 1515 632 et
1553 570 1650 632 aio
1678 573 2135 633 commemorari
2162 583 2406 655 tempus

136 657 303 718 illud
348 676 429 717 ex
471 665 776 717 transacta
820 658 1111 721 memorie
1162 678 1273 740 per
1321 657 1901 739 anacephalaeosim3
1961 665 2024 718 et
2060 677 2139 718 ex
2190 662 2404 722 inultis
2435 675 2481 731 Ρ
2514 676 2617 733 532³

136 743 402 819 eventis,
446 763 603 823 quae
630 744 810 805 simul
838 746 920 806 ibi
947 745 1406 826 conglobantur,
1436 745 1724 826 pleraque
1749 765 1875 805 non
1905 744 2067 805 illius
2088 765 2213 806 esso
2238 750 2402 827 anni,

137 830 254 910 qui
286 830 445 906 suit,
491 840 563 891 ut
599 849 776 911 saepe
805 832 1040 894 dictum
1068 842 1191 909 est,
1240 831 1470 893 Christi
1505 835 1705 911 1306,
1747 831 1855 892 sed
1882 833 2186 912 sequentis
2218 839 2402 904 1807.

137 937 316 978 nunc
345 927 584 978 caetere
617 937 770 996 quae
800 919 878 980 ad
905 920 1298 981 Rontzerium
1329 919 1640 1000 pertinent
1666 918 2012 983 addamus.

320 1003 433 1064 lx.
520 1005 673 1063 Satis
704 1006 955 1086 diligens
980 1017 1192 1067 noster
1215 1005 1332 1066 suit
1357 1008 1422 1065 in
1450 1004 1635 1066 huius
1654 1014 1718 1066 et
1745 1006 2125 1087 promotione
2149 1005 2215 1065 in
2245 1007 2399 1067 Cae-

135 1109 383 1150 eeream
422 1090 772 1169 dignitatem
803 1103 866 1153 et
891 1094 1069 1154 caede
1097 1113 1221 1153 non
1248 1092 1446 1153 multo
1474 1099 1616 1173 post
1650 1101 1857 1152 secuta
1881 1092 2241 1168 referendis,
2284 1094 2400 1152 ad·-

133 1177 372 1237 iunctis
409 1178 599 1237 etiam
630 1179 790 1238 notis
829 1180 1147 1260 temporis,
1192 1178 1301 1239 sed
1333 1198 1593 1258 quarum
1635 1179 1836 1257 aliqua
1876 1178 2244 1239 subobscura
2289 1192 2403 1241 eat.

133 1263 344 1324 tradit
374 1263 772 1345 Pachymeres
803 1287 864 1346 p.
896 1270 1026 1334 522
1056 1286 1116 1327 v·
1147 1264 1188 1330 4
1222 1265 1614 1326 Rontzerium
1644 1264 1725 1325 ad
1755 1284 1820 1325 se
1843 1265 2018 1324 missa
2047 1265 2123 1323 ab
2153 1266 2401 1326 Amiro-

134 1350 283 1410 nico
307 1353 627 1411 Caesareae
666 1352 977 1432 dignitatis
1004 1352 1253 1433 insignia
1285 1353 1555 1413 induisse
1579 1372 1650 1412 ac
1675 1352 1794 1412 rite
1822 1352 2216 1411 acclamatum
2243 1353 2386 1412 Cae-

131 1457 340 1497 sarem
367 1439 549 1498 fuisse
577 1436 680 1497 die
705 1461 836 1520 qua
860 1442 1102 1499 Lazari
1128 1441 1493 1499 resurrectio
1521 1439 1962 1504 celebrabatur.
2048 1437 2150 1498 hic
2182 1439 2306 1498 dies
2333 1441 2399 1500 in

132 1523 503 1585 kalendario
538 1520 909 1587 Grae'corum
942 1535 1035 1586 est
1059 1526 1379 1589 sabbatum
1409 1526 1687 1604 contigue
1728 1524 2093 1606 praecedens
2133 1525 2398 1586 domini—-

132 1631 271 1671 cam
306 1613 667 1691 palmarum.
759 1632 946 1691 porro
982 1632 1123 1673 cum
1154 1611 1258 1672 illo
1295 1632 1456 1673 anno
1484 1610 1627 1672 Chr.
1655 1614 1823 1677 1807
1853 1610 2091 1690 cyclum
2122 1615 2262 1671 toli-⁴
2289 1617 2397 1684 28,

130 1697 324 1758 lunae
366 1698 447 1765 15
478 1707 865 1777 numerante,
910 1697 1214 1759 dominica
1241 1697 1699 1759 resurrectionis
1737 1698 2018 1778 septiduo
2054 1699 2245 1757 serion-
2275 1698 2396 1756 do·-

130 1784 366 1844 miuica
410 1784 748 1865 palmarum
794 1785 1081 1846 inciderit
1121 1785 1191 1846 in
1239 1788 1324 1850 26
1359 1783 1598 1859 Martii,
1654 1784 1972 1845 sabbatum
2015 1784 2219 1845 Lazari
2265 1785 2356 1865 pri
2379 1821 2395 1832 ·

132 1870 396 1930 dianum
439 1871 780 1932 dominicae
818 1873 1159 1953 palmarum
1188 1870 1438 1932 omnino
1478 1871 1664 1933 suerit
1698 1875 1781 1938 18
1807 1870 2014 1931 Martii
2046 1872 2193 1932 dies.
2279 1873 2395 1931 ad·-

127 1958 336 2037 iungit
375 1956 473 2018 his
499 1967 708 2019 noster
738 1957 1064 2020 historicus
1096 1979 1150 2019 c.
1177 1959 1469 2037 sequenti,
1510 1956 1631 2018 hoc
1671 1966 1760 2016 est
1791 1978 1849 2037 p.
1869 1956 1999 2024 524
2027 1978 2089 2020 v,
2126 1965 2225 2032 12,
2274 1979 2394 2017 no-

130 2066 291 2106 vum
320 2046 635 2105 Caesarem
667 2047 1062 2108 Rontzerium
1089 2045 1439 2106 adeundum
1475 2045 1588 2104 sibi
1626 2052 1864 2124 putasse
1888 2042 2236 2105 michaelem
2260 2045 2393 2105 Au·-

128 2141 385 2214 gustum
426 2133 745 2209 iuniorem,
786 2135 890 2212 qui
935 2133 1099 2213 apud
1129 2131 1585 2213 Adrianopolim
1629 2139 1829 2190 castra
1867 2127 2166 2206 habebat;
2209 2151 2392 2210 prae-

130 2219 489 2297 misisseque
530 2218 671 2278 ideo
712 2218 794 2278 ad
828 2219 1000 2280 illum
1033 2218 1290 2278 Asanam
1321 2218 1530 2278 uxoris
1562 2236 1705 2277 suae
1732 2219 2013 2292 fratrem,
2061 2238 2096 2276 a
2140 2238 2261 2295 quo
2306 2218 2392 2279 ait

128 2306 410 2387 primum
461 2304 750 2365 indicium
793 2307 1036 2366 venturi
1090 2305 1399 2365 Rontzerii
1444 2305 1743 2385 perlatum
1782 2303 1861 2363 ad
1904 2303 2256 2364 michaelem
2291 2304 2394 2364 die

130 2403 369 2453 octava
397 2412 596 2473 supra
624 2394 978 2453 vicesimam
1005 2390 1501 2458 Bo‘e'dromionis.
1559 2393 2033 2474 Βοηδρομιῶνος
2061 2395 2392 2475 τοιγαροῦν

128 2473 330 2563 ὀγδόη
352 2473 652 2562 λήγοντος
682 2471 727 2561 ἧ
734 2505 786 2544 ν.
870 2480 1277 2541 Boedroinion
1300 2480 1442 2540 alibi
1458 2499 1690 2561 semper
1714 2501 1743 2536 a
1764 2477 2130 2560 Pachymere
2162 2479 2386 2540 dicitur

128 2565 366 2645 Aprilis
392 2567 630 2627 mensis.
674 2567 783 2627 scd
801 2588 877 2627 ne
896 2566 1000 2628 hic
1025 2568 1112 2628 ita
1138 2567 1530 2647 intelligatur,
1563 2565 1842 2646 prohibet
1858 2566 2024 2643 quod
2047 2585 2106 2645 p.
2124 2568 2249 2631 525
2269 2573 2388 2633 v.2

129 2653 343 2723 addit,
401 2664 633 2734 quarta
654 2656 831 2733 feria
859 2666 1008 2737 post
1036 2652 1491 2737 hebdomadam
1518 2654 1783 2713 Thomas
1805 2651 2155 2712 admissum
2168 2653 2390 2730 sui-sse

128 2741 216 2800 ab
248 2740 552 2820 Augusto
590 2741 931 2804 c'aesmm.
1003 2741 1333 2803 hebdomas
1362 2739 1632 2800 'rhomae
1660 2749 1753 2800 est
1774 2739 1939 2820 apud
1971 2740 2231 2799 Graecos
2255 2739 2387 2797 sine

131 2827 264 2888 ullo
304 2827 492 2888 dubio
533 2847 603 2886 ea
636 2848 790 2907 quae
821 2828 1095 2908 sequitur
1130 2838 1408 2888 octavam
1435 2824 1727 2900 Paschae,
1771 2846 1808 2886 a
1843 2825 2018 2885 nobis
2054 2825 2279 2884 dictam
2317 2827 2388 2885 in

126 2914 303 2972 albis
331 2923 439 2973 aut
467 2917 659 2992 quasi
690 2914 908 2994 moel03
952 2916 1016 2974 in
1051 2935 1167 2993 qua
1203 2914 1501 2973 dominica
1529 2920 1670 2993 post
1694 2910 1921 2972 Pascha
1948 2912 2144 2991 prima
2168 2910 2387 2971 Graeci

124 3000 281 3059 item
310 3009 387 3060 ut
411 3000 628 3075 Latini,
656 3001 816 3060 inter
839 3022 1006 3061 sacra
1039 3002 1300 3061 recitant
1323 3020 1556 3061 comma
1583 2998 1872 3078 evangelii
1898 3018 1976 3059 ex
2002 3019 2056 3061 c.
2086 3001 2172 3063 20
2198 2997 2383 3057 Ioan-

124 3086 261 3161 nis,
334 3106 455 3164 quo
497 3096 788 3147 narratur
849 3087 1151 3147 dubitatio
1193 3086 1462 3147 Thomas
1512 3087 1771 3167 apostoli
1822 3086 1899 3145 de
1937 3083 2381 3146 resurrectione

124 3171 362 3232 Christi
399 3172 678 3232 convicta
719 3183 1050 3254 curatoque
1084 3182 1252 3234 tactu
1289 3194 1601 3236 sacrorum
1647 3176 1775 3234 eius
1813 3172 2168 3246 vulnerum,
2213 3169 2380 3230 unde

121 3279 358 3321 nomen
406 3258 799 3320 hebdomadis
844 3260 1111 3321 'rhomae
1158 3261 1453 3343 contiguis
1489 3260 1592 3321 isti
1639 3258 1973 3321 dominicae
2006 3258 2218 3317 diebus
2259 3276 2380 3317 usu

123 3348 509 3408 Graecorum
550 3346 842 3409 adhaesit.
927 3348 1309 3409 manifestum
1351 3368 1539 3430 porro
1585 3357 1677 3408 est
1715 3344 2158 3406 hebdomadam
2204 3340 2379 3404 ‘rho-

122 3453 266 3494 mae
296 3434 405 3494 iuo
443 3455 637 3512 anno,
681 3435 803 3513 qui,
846 3443 918 3494 ut
943 3435 1345 3513 ostendimus,
1385 3433 1611 3496 Pascha
1641 3438 1723 3499 26
1745 3431 1950 3492 Martii
1983 3429 2230 3502 habuit,
2274 3449 2378 3489 se-

122 3523 233 3599 qui
270 3542 400 3580 non
435 3522 700 3602 potuisse
729 3523 888 3582 diem
922 3526 1006 3587 28
1041 3522 1278 3604 Aprilis.
1343 3522 1448 3582 sed
1480 3539 1673 3600 neque
1700 3519 1973 3596 sequenti
2000 3537 2161 3577 anno
2191 3515 2374 3576 chri-

120 3608 202 3667 sti
242 3610 440 3672 1308:
482 3629 622 3667 nam
652 3609 770 3668 hoc
794 3608 1022 3669 Pascha
1050 3611 1113 3669 in
1142 3608 1363 3688 Aprilis
1390 3610 1469 3675 14
1497 3608 1732 3668 incidit.
1780 3606 1968 3684 igitur
1996 3603 2158 3666 aliud
2187 3622 2373 3681 quam

122 3691 399 3775 Aprilem
426 3696 669 3755 nomine
701 3696 1155 3758 Bo'e'dromionis
1182 3695 1300 3755 hoc
1326 3697 1460 3756 loco
1488 3694 1779 3776 expressit
1802 3690 2214 3771 Pachymercs.
2259 3708 2373 3749 nec

123 3790 220 3840 est
250 3799 485 3839 novum
513 3780 684 3843 illum
710 3786 947 3845 variare
976 3786 1039 3844 in
1067 3782 1567 3864 appellationibus
1592 3780 1908 3850 mensium,
1951 3786 2161 3858 utpote
2191 3795 2374 3854 quem

123 3875 297 3926 certo
331 3864 906 3946 deprehenderimus
941 3871 1326 3948 Ianuarium,
1371 3890 1548 3948 quem
1592 3869 1747 3929 solet
1789 3883 2008 3928 vocare
2042 3866 2374 3924 Hecatom-

122 3952 435 4028 lmeonem,
479 3953 805 4032 aliquando
828 3960 1208 4018 Lenaeonem
1233 3957 1576 4036 appellasse,
1618 3964 1682 4015 et
1705 3955 2064 4033 Augustum,
2093 3950 2189 4009 cui
2218 3969 2371 4007 con-

124 4039 330 4100 suevit
356 4039 713 4101 Posideonis
743 4044 1283 4104 nomenclationem
1315 4042 1619 4123 adaptare,
1671 4039 1853 4101 semel
1882 4038 2220 4116 designasse
2249 4055 2373 4095 vo-

122 4126 342 4187 cabulo
372 4127 948 4210 Maeniana-ionis,
990 4152 1116 4210 quo
1152 4130 1290 4189 alibi
1326 4137 1418 4188 est
1468 4128 1682 4188 solitus
1727 4126 1964 4188 Iunium
2007 4121 2367 4201 exprimere.

122 4214 329 4293 itaque
377 4215 716 4275 necessario
765 4215 1220 4297 intelligendum
1259 4213 1770 4275 Boffclromionem
1812 4231 1976 4270 nunc
2015 4207 2368 4287 Pacliymeri

124 4299 416 4362 Martium
449 4299 594 4367 dici.
678 4301 850 4362 cuius
878 4303 977 4363 die
1004 4309 1106 4381 28,
1147 4303 1327 4363 tertia
1354 4312 1493 4382 post
1534 4300 1757 4360 Pascha
1781 4299 1945 4368 seria,
1989 4296 2257 4356 monitus
2291 4295 2367 4354 de

126 4387 439 4452 Rontzerii
468 4386 744 4452 adventu
771 4389 1054 4468 michael,
1096 4390 1201 4451 ubi
1230 4409 1369 4450 eum
1409 4408 1472 4448 se
1503 4386 1793 4450 benevole
1827 4392 2219 4463 excepturum
2254 4380 2357 4440 de·
