3084 4850
622 414 781 493 670
1241 411 2248 486 osssmtvsT.PAc11YnOER.

621 580 909 734 &mm
936 577 1245 669 andsto«,-
1273 580 1609 668 κοπόντδ
1642 576 2139 687 μονοβᾶμβῡλωξ·
2182 583 2475 645 antehoc
2501 598 2657 646 emt
2686 583 2890 663 aliud,

623 676 696 735 s‘ts
725 670 900 756 qaod
916 677 1272 754 promiscue
1301 671 1733 732 conveniebant
1772 693 1981 731 omnes
2014 675 2126 753 ’qus‘
2167 685 2457 753 cuperent
2490 677 2669 734 scire
2713 696 2893 757 quens

621 759 1280 841 eleruepaeriamham
1309 770 1611 834 creussen·
1654 770 1713 817 et
1740 755 1909 818 illud
1941 754 2323 841 ὅιβᾶμβυλον
2351 758 2716 822 dicebatur.
2809 762 2893 821 ita

622 848 720 909 ilii
746 847 956 922 ambo;
995 856 1057 908 et
1079 845 1202 908 hoc
1226 846 1517 907 continue
1541 845 1807 927 probant
1835 845 2097 927 prolato,
2130 867 2308 925 quem
2336 867 2532 928 supra
2560 848 2892 928 descripsi,

621 932 962 996 Phrantzae
1004 943 1114 995 ant
1149 936 1358 1016 potins
1401 933 1657 994 Pontani
1694 932 1853 993 loco.
1940 932 2047 991 sed
2093 931 2159 991 in
2198 931 2322 992 hoc
2367 944 2717 1015 utrumque
2765 936 2895 996 salli

622 1040 751 1082 non
778 1020 1182 1126 diffitebitur,
1229 1020 1336 1101 qni
1372 1019 1701 1079 attenderit
1729 1039 1909 1098 quam
1944 1018 2204 1079 ridicule
2231 1020 2545 1081 diceretur
2570 1043 2607 1081 a
2650 1022 2891 1082 Codino

624 1102 910 1190 δεύτερος
936 1069 1247 1185 ὄστιαριος
1283 1109 1529 1187 κρατῶν
1566 1102 1635 1169 τό
1665 1101 2178 1186 μονοβᾶμβυλον,
2216 1105 2530 1168 secundus
2575 1112 2893 1168 ostiarius

626 1214 826 1253 manu
871 1205 1076 1253 tenen-s·
1117 1192 1530 1253 Monobambz.
1539 1194 1706 1271 lum,
1763 1192 1815 1251 si
1852 1192 2391 1253 Monobambulum
2439 1195 2674 1255 atrium
2714 1205 2891 1268 esset,

627 1280 810 1362 quale
835 1279 1051 1359 ntique
1080 1301 1280 1339 manu
1306 1291 1500 1340 tenere
1533 1279 1680 1357 (hoc
1709 1279 1867 1339 enim
1904 1290 1997 1340 est
2026 1279 2293 1361 κρατεῖν)
2325 1300 2505 1340 nemo
2538 1302 2704 1342 unus
2738 1292 2891 1363 pot-

627 1376 739 1428 est.
816 1365 982 1427 unde
1006 1367 1386 1429 manifestum
1416 1376 1509 1427 est
1549 1387 1626 1426 ex
1655 1376 1854 1426 mente
1881 1366 2097 1426 Codini
2126 1366 2670 1428 Monobambulum
2702 1370 2891 1430 fuisse

628 1472 761 1516 rem
807 1452 1069 1534 aliquam
1117 1475 1303 1514 manu
1346 1454 1709 1534 gestabilem.
1793 1474 1867 1512 ac
1904 1454 2158 1535 paritate
2200 1456 2544 1533 argumenti
2573 1455 2739 1516 idem
2772 1457 2891 1517 erit

630 1541 1016 1602 statuendum
1055 1540 1132 1601 de
1164 1541 1557 1617 Dibambulo,
1600 1540 1766 1621 quod
1801 1540 2070 1601 eiusdem
2100 1541 2336 1601 formae
2377 1562 2451 1601 ac
2480 1544 2728 1620 generis
2761 1562 2889 1603 esse

630 1636 936 1706 gestamen
978 1627 1259 1690 debuisse
1299 1637 1360 1688 et
1410 1628 1570 1688 ratio
1594 1628 1933 1688 communis
1962 1628 2147 1707 etymi
2182 1637 2240 1689 et
2272 1629 2456 1688 series
2486 1629 2625 1708 ipsa
2662 1650 2889 1691 narra-

631 1712 823 1775 tionis
851 1712 1202 1793 Phrantzae,
1243 1723 1305 1774 et
1344 1724 1413 1775 ut
1448 1715 1522 1775 ad
1548 1735 1677 1775 rem
1704 1735 1893 1774 meam
1923 1713 2183 1786 redeam,
2229 1713 2332 1775 hic
2365 1714 2763 1796 Pacbymeris
2790 1717 2887 1777 lo·

635 1820 747 1862 cns
779 1809 1015 1862 tantum
1045 1822 1169 1860 non
1213 1801 1658 1862 evidentissime
1685 1800 2124 1862 demonstrant.
2226 1822 2402 1881 quem
2446 1804 2617 1862 enim
2660 1823 2886 1884 quaeso

632 1895 890 1970 possent
927 1906 1178 1948 sensum
1230 1887 1609 1948 tolerabilem
1652 1884 1874 1947 habere
1915 1887 2100 1949 verba
2141 1884 2293 1946 haec
2344 1889 2545 1948 nostri
2594 1889 2885 1965 auctoris,

624 1972 1004 2054 patriar-clm
1037 1974 1358 2054 pastorali
1392 1973 1617 2034 baculo
1672 1971 1754 2032 ab
1803 1976 2168 2054 imperatore
2209 1987 2493 2054 accepto,
2538 1974 2887 2036 honoratur

634 2070 696 2119 et
737 2056 1136 2137 dibambulo,
1178 2059 1231 2119 si
1262 2059 1725 2120 Dibambulum
1763 2062 1982 2120 atrium
2028 2067 2184 2121 esset
2220 2059 2543 2121 exterius?
2590 2062 2883 2141 quidnam

632 2145 823 2225 igitur
879 2135 985 2209 bic
1039 2146 1378 2226 significare
1418 2145 1619 2228 Pacby
1624 2167 1815 2207 meres
1875 2147 2080 2208 voluit
2127 2147 2317 2209 verbo
2370 2146 2883 2208 Dibambulum?

634 2231 800 2295 idem
837 2234 966 2296 sine
995 2233 1182 2295 dubio
1261 2235 1384 2296 nod
1412 2234 1558 2294 alias
1592 2234 1814 2295 clarius
1846 2233 2182 2317 expressit,
2225 2234 2373 2295 dum
2410 2235 2608 2297 refert
2651 2235 2813 2312 (vol.
2852 2232 2883 2295 1

630 2339 697 2403 p.
745 2324 871 2390 112
896 2341 957 2385 v.
991 2324 1069 2391 10
1101 2342 1231 2403 sqq.
1288 2322 1559 2384 solicitos
1588 2320 1889 2383 antistites
1917 2342 1989 2382 eo
2026 2321 2193 2402 quod
2225 2321 2516 2383 Arsenius
2545 2342 2579 2383 e
2610 2322 2884 2405 patriar-

631 2405 778 2469 chio
815 2406 881 2469 in
923 2410 1357 2471 monasterium
1393 2419 1612 2493 sponte
1647 2411 1946 2492 profugus
1984 2410 2214 2491 scripto
2247 2430 2603 2492 expressam
2642 2409 2881 2472 abdica·

628 2494 861 2556 tionem
887 2494 1031 2555 dare
1061 2506 1311 2575 rogatus
1339 2505 1707 2573 recusasset,
1749 2507 1823 2558 ut
1862 2496 2098 2577 aliquid
2132 2495 2428 2558 haberent
2455 2498 2725 2582 scriptae
2754 2519 2881 2559 ces-

629 2579 793 2641 sioni
830 2580 1253 2661 aequivalens,
1304 2582 1378 2642 ab
1423 2602 1493 2642 eo
1523 2585 1721 2664 repeti
1749 2603 1990 2644 curasse
2016 2585 2353 2666 βακτηρίαν
2383 2583 2491 2647 καὶ
2521 2588 2883 2666 sapaudo&-

627 2689 740 2750 χον
772 2666 1068 2729 baculum
1103 2679 1161 2728 et
1197 2667 1678 2744 candelabrum,
1726 2669 1850 2729 rati
1879 2672 1931 2730 si
1968 2689 2035 2730 ea
2064 2669 2429 2731 reddidisset
2457 2691 2573 2750 per
2609 2693 2767 2751 quae
2789 2673 2879 2732 in-

626 2753 886 2817 vestitus
930 2753 1352 2838 patriarchatu
1398 2758 1633 2833 suerat,
1680 2754 1801 2815 hoc
1830 2756 1970 2837 ipso
2001 2755 2145 2816 satis
2185 2756 2602 2815 indicaturum
2646 2759 2775 2818 sedi
2820 2776 2879 2818 se

624 2841 1016 2923 renuntiare,
1060 2864 1133 2904 ac
1177 2843 1428 2904 liberam
1471 2841 1708 2925 synodo
1752 2842 2059 2904 facturum
2109 2841 2189 2902 ad
2228 2862 2452 2902 novam
2496 2841 2879 2925 patriarchae

629 2927 985 2991 electionem
1031 2932 1405 3013 procedendi
1456 2939 1836 3013 potestatem.
1938 2928 2046 2990 hic
2098 2928 2438 2989 necessario
2498 2930 2577 2990 de
2630 2932 2875 3012 antiqua

629 3014 829 3076 forma
861 3017 1338 3098 inaugurationis
1375 3020 1801 3121 episcoporum
1832 3016 2233 3099 repetendum
2266 3036 2300 3078 e
2328 3020 2743 3080 monumentis
2770 3039 2877 3079 et>-

631 3102 984 3166 clesiasticis
1021 3105 1254 3187 aliquid
1299 3117 1407 3168 est.
1494 3110 1760 3187 primum
1806 3114 2008 3166 antem
2046 3104 2344 3165 admoneo
2374 3107 2875 3168 consuetudinem

631 3190 920 3251 ecclesiae
951 3192 1215 3271 Latinae,
1250 3204 1320 3254 nt
1351 3194 1414 3254 in
1450 3194 1583 3254 aliis
1613 3191 1921 3276 plurimis,
1948 3192 2038 3253 sic
2066 3194 2130 3252 in
2157 3189 2283 3252 boc
2311 3213 2343 3251 a
2379 3192 2648 3253 Graecae
2674 3193 2875 3255 usibus

630 3275 1026 3359 discrepasse.
1113 3282 1175 3344 S.
1211 3281 1550 3342 Bernardus
1582 3301 1759 3347 serm.
1800 3279 1862 3340 in
1903 3281 2104 3339 Coena
2141 3278 2415 3340 Domini·
2462 3283 2683 3340 variae
2710 3290 2872 3356 aunt,

631 3361 863 3442 inquit,
909 3368 1315 3428 investiturae
1341 3366 1682 3451 secundum
1718 3387 1793 3427 ea
1839 3364 1914 3427 de
1956 3366 2186 3447 quibus
2237 3367 2630 3430 investimur.
2716 3365 2876 3428 νει-ὁὶ

624 3453 849 3530 gratia
878 3453 1209 3514 investitur
1236 3457 1576 3515 canonicus
1596 3477 1711 3536 per
1739 3452 1989 3532 librum,
2034 3453 2232 3514 abbae
2251 3474 2367 3534 per
2390 3451 2711 3533 baculum,
2754 3456 2876 3537 epi-

627 3556 855 3615 scopus
875 3559 988 3618 per
1016 3538 1314 3600 baculum
1343 3552 1400 3601 et
1433 3543 1742 3602 annulum
1765 3542 1980 3604 simul.
2047 3541 2136 3601 ita
2160 3541 2285 3600 ille.
2358 3538 2615 3600 ecclesia
2650 3501 2874 3603 (ἕηκε

553 3702 558 3710 ῃ
627 3622 755 3684 duo
797 3623 1044 3703 quidem
1088 3636 1149 3686 et
1186 3627 1317 3709 ipsa
1353 3627 1730 3689 coniunctim
1775 3626 2057 3688 adhibuit
2097 3624 2372 3707 symbola
2410 3623 2479 3684 in
2513 3628 2874 3690 conserenda

630 3708 842 3772 electis
883 3711 1227 3792 pastoribus
1267 3723 1328 3775 et
1374 3715 1612 3797 sponsis
1652 3714 2043 3776 ecclesiarum
2094 3711 2459 3794 episcopalis
2501 3718 2874 3795 possessione

632 3795 983 3878 dignitatis,
1026 3818 1183 3880 quae
1221 3800 1502 3862 similiter
1540 3800 1977 3882 responderent
2018 3798 2259 3860 duobus
2292 3802 2644 3863 memoratis
2686 3802 2875 3864 titulis

621 3888 906 3966 pastoris
950 3893 1010 3947 et
1055 3890 1290 3967 sponsi.
1376 3897 1437 3950 at
1476 3886 1535 3947 iu
1583 3886 1781 3968 primo
1828 3886 2150 3948 dumtaxat
2200 3906 2339 3946 cum
2378 3886 2613 3949 Latinis
2665 3885 2873 3950 Graeci

630 3972 1097 4051 convenientes,
1141 3974 1207 4034 in
1252 3974 1577 4055 posteriori
1624 3973 1962 4055 lampadem
2012 3973 2251 4055 sponsis
2298 3974 2594 4054 praeferri
2636 3976 2875 4037 solitam

632 4077 709 4118 ex
740 4060 1082 4140 evangelica
1121 4061 1407 4144 parabola
1442 4071 1500 4123 et
1536 4081 1653 4123 usn
1683 4060 2087 4123 Orientalium
2122 4059 2465 4138 nationum,
2509 4061 2589 4122 ad
2626 4061 2874 4145 nuptia·

628 4141 746 4204 lem
776 4147 1177 4212 ceremoniam
1208 4147 1909 4225 accommodatissimam,
1955 4148 2185 4209 annulo
2222 4148 2672 4229 praetulerunt,
2701 4165 2873 4229 quem

629 4237 831 4292 tamen
873 4233 1285 4298 Occidentalis
1324 4235 1403 4296 ad
1456 4236 1523 4297 id
1567 4235 1771 4319 potius
1825 4233 2101 4297 adhibuit
2145 4234 2427 4314 ecclesia,
2470 4243 2546 4295 nt
2590 4231 2870 4316 populari

631 4315 788 4376 sorte
815 4321 1085 4396 gentium
1113 4322 1564 4404 Europaearnm
1591 4321 1746 4383 mori
1778 4323 2209 4422 congruentius
2245 4320 2585 4400 coniugalis
2614 4318 2872 4380 necessi-

634 4402 868 4464 tudinis
900 4404 1157 4484 signum.
1243 4409 1540 4491 quidquid
1586 4427 1774 4490 porro
1806 4409 1969 4470 circa
1994 4407 2164 4470 hoc
2146 4430 2211 4470 ιιι
2242 4406 2689 4468 consuetudine
2718 4406 2872 4466 Lati-

639 4507 860 4552 norum
885 4490 1094 4574 suerit,
1133 4493 1390 4558 Asianos
1416 4494 1665 4578 quidem
1691 4495 2013 4579 episcopos
2034 4494 2333 4581 lampadis
2359 4492 2742 4578 praelatione
2768 4510 2871 4555 au-
