3084 4850
734 367 895 441 tm.
933 364 1053 439 m.
1145 363 1900 438 mnonotomcus.
2288 369 2446 447 789

23 576 33 615 ι
152 558 279 618 ω,
316 539 442 601 hoc
469 547 583 617 eet,
633 536 819 601 modo
841 536 1131 619 loquendi
1149 536 1297 601 huic
1319 537 1560 600 auctori
1579 537 1825 620 uaitato,
1869 537 1931 601 in
1969 539 2186 607 {edam
2206 538 2449 604 bebdo-

22 656 31 705 ς
152 627 385 689 madia
429 635 670 687 aextam
707 626 1010 692 inciderit.
1097 624 1663 688 Maemacterionem
1702 626 1844 689 alibi
1870 626 2268 711 Pacbymerea
2295 650 2450 692 con-

21 753 29 787 ¹·
152 723 442 788 atanter,
473 721 559 774 ut
586 712 653 773 in
678 712 869 794 priori
902 711 1357 775 observavimus
1386 712 1711 793 Gloeaario,
1751 713 1993 777 lunium
2026 735 2294 777 menaem
2328 737 2449 779 vo-

22 830 31 877 ς
152 810 299 862 cat.
347 798 452 860 hic
479 807 684 860 autem
712 820 839 860 non
868 800 962 861 uti
993 819 1133 861 eum
1156 797 1448 860 bactenua
1473 809 1762 861 consueta
1784 801 2034 863 notione
2060 801 2215 869 illud
2240 803 2442 883 ipsum

22 930 29 965 ,
150 885 549 961 subindicat,
570 885 741 966 quod
769 906 896 947 non
924 884 1135 962 ὁπλαῖς
1164 896 1228 947 et
1241 886 1557 962 absolute,
1578 886 1685 947 eed
1711 880 2231 970 κατ”ᾼθηναίους
2259 893 2446 950 iuxta

152 973 590 1036 Athenienses
612 973 797 1034 iatum
826 972 905 1032 de
938 993 1062 1053 quo
1092 972 1215 1053 agit
1246 992 1512 1034 menaem
1541 973 1725 1035 fuiaae
1757 974 2320 1036 Maema'cteriouem
2342 996 2446 1036 aa-

22 1106 31 1139 ,
153 1061 351 1125 uerit.
440 1081 586 1122 eane
614 1060 666 1121 ia
694 1078 821 1121 eaee
839 1058 961 1121 hoc
985 1059 1121 1120 loco
1145 1058 1354 1121 luniue
1381 1080 1508 1121 non
1533 1069 1755 1143 poten,
1783 1061 2090 1140 quoniam,
2138 1082 2264 1141 quo
2293 1059 2447 1123 haeo

22 1194 29 1231 t
154 1157 349 1230 genta
376 1166 503 1209 eaee
529 1166 692 1208 anno
720 1146 901 1208 aeriea
923 1144 1291 1208 narratiouia
1318 1146 1495 1208 fateri
1516 1147 1697 1227 cogit,
1725 1146 1946 1209 christi
1971 1148 2283 1209 millesimo
2306 1158 2439 1209 tre-
2470 1150 2519 1206 P
2549 1151 2653 1213 571

22 1284 27 1315 f
157 1235 514 1297 centesimo
540 1244 786 1314 quarto.
833 1253 973 1295 cum
1000 1234 1208 1316 cyclua
1241 1233 1386 1294 eolia
1414 1245 1841 1296 numeraretur
1870 1233 1987 1313 25,
2027 1235 2125 1296 cui
2155 1236 2448 1316 competit

22 1372 29 1407 ι
157 1342 297 1406 pro
346 1321 653 1383 menaibue
688 1320 1086 1382 Februarium
1130 1319 1519 1400 aequentibua
1564 1320 1741 1382 litera
1783 1319 1970 1381 index
2006 1319 2340 1382 dominicae
2372 1323 2444 1402 D,

160 1409 509 1472 viceaimua
545 1409 776 1489 primua
812 1407 970 1469 Iunii
1007 1406 1136 1469 diea
1167 1406 1523 1484 dominicas
1543 1427 1672 1468 non
1699 1416 1906 1467 autem
1934 1406 2085 1468 seria
2111 1419 2281 1469 aexta
2307 1410 2442 1472 suit.

161 1515 296 1557 nec
319 1495 606 1557 medetur
639 1493 786 1556 huic
809 1493 1227 1571 incommodo,
1268 1502 1590 1576 poetquam
1626 1492 1780 1554 iuud
1817 1493 2314 1557 animadvertisse
2338 1496 2441 1563 vi-

161 1603 284 1644 aua
334 1592 461 1659 eat,
523 1580 951 1663 paraphraatea
980 1579 1335 1654 Vaticanus,
1382 1580 1528 1640 dum
1573 1580 1787 1641 eolitua
1837 1598 2075 1660 aemper
2094 1581 2239 1643 aliae
2264 1582 2438 1643 Mae-

164 1668 620 1730 macta-ionem
650 1665 1034 1747 Paebymeria
1058 1659 1313 1731 Ἰούνιον
1334 1667 1590 1728 meum
1626 1666 2016 1747 interpretari
2035 1712 2054 1745 ,
2097 1665 2219 1729 boo
2251 1668 2440 1729 dum-

166 1762 365 1816 taxat
397 1754 535 1814 loco
574 1747 831 1818 Ἰούλιον
866 1753 1111 1813 Iulium
1133 1752 1435 1814 reddidit:
1480 1772 1619 1812 nam
1658 1772 1854 1833 neque
1882 1751 2020 1814 Iulii
2050 1754 2269 1815 meneie
2309 1754 2440 1825 diee,

167 1841 514 1903 viceaimua
546 1839 779 1921 primua
805 1838 1054 1900 affixam
1087 1839 1269 1900 lateri
1303 1840 1539 1901 literam
1568 1841 1618 1899 Β
1643 1837 1829 1901 babet
1857 1839 1923 1900 in
1951 1839 2186 1920 vulgari
2224 1840 2444 1902 kalen-

171 1929 398 2004 dario,
440 1936 632 2008 prout
657 1934 1013 2007 oportuerat
1041 1934 1116 1987 ut
1149 1925 1299 1987 feria
1331 1936 1505 1987 eexta
1535 1927 1763 1987 censeri
1790 1935 2019 2007 poaeet,
2064 1927 2172 1987 aed
2201 1926 2444 1990 literam

168 2014 250 2094 F,
266 2014 458 2077 seriae
477 2013 694 2077 tertiae
717 2012 976 2075 indicem
992 2011 1237 2092 quaudo
1252 2013 1305 2073 Ι)
1331 2014 1545 2075 seriam
1567 2013 1825 2095 primam
1844 2013 1973 2076 aive
1993 2011 2155 2079 diem
2171 2013 2441 2077 domini-

172 2122 321 2163 cum
347 2101 638 2182 deaignat.
683 2099 930 2160 omnino
958 2119 1119 2160 unua
1140 2099 1209 2159 in
1233 2109 1368 2161 toto
1399 2120 1564 2160 anno
1585 2111 1678 2161 eat
1691 2100 1911 2162 menaia
1925 2100 2250 2179 Auguatua,
2264 2101 2439 2163 cuiue

175 2188 311 2249 diei
338 2188 660 2248 viceaimae
686 2186 918 2267 primae
939 2184 1116 2245 litera
1148 2185 1200 2244 B
1229 2206 1390 2246 anno
1423 2185 1534 2246 tali
1558 2185 1765 2246 seriam
1796 2193 2032 2246 aextem
2060 2185 2335 2246 indicans
2355 2188 2438 2248 ad

172 2275 349 2335 latua
381 2272 624 2353 appiota
661 2270 950 2333 cernitur.
1033 2269 1156 2331 hoc
1194 2270 1381 2349 igitur
1410 2271 1545 2351 ipeo
1580 2290 1782 2331 menae
1818 2272 2130 2351 contigisse
2162 2274 2441 2353 oportuit

175 2367 589 2420 memoratam
616 2375 679 2439 p.
706 2354 834 2424 884
870 2377 931 2418 v.
960 2361 990 2420 1
1027 2376 1063 2414 e
1091 2354 1458 2439 Faobymere
1482 2358 1923 2438 promotionem
1947 2356 2277 2420 Athanasii.
2365 2378 2440 2420 ao

177 2465 333 2506 eane
370 2445 587 2506 euadet
622 2442 786 2504 idem
815 2442 915 2504 ille
943 2442 1264 2505 vehemena
1297 2444 1438 2505 eolia
1467 2446 1784 2526 flagrantia
1812 2455 2013 2509 aeetue
2034 2491 2052 2523 ,
2095 2466 2217 2526 quo
2248 2466 2441 2509 exco-

180 2543 363 2594 ctum
391 2531 573 2594 lhiaae
598 2530 1015 2593 Andronicum
1040 2531 1186 2592 dum
1217 2529 1337 2592 boc
1364 2541 1567 2613 egeret
1596 2532 1988 2616 Pacbymerea
2011 2534 2214 2595 innuit
2239 2535 2445 2605 verbis

179 2619 329 2697 iuis,
370 2612 481 2683 ὑπ’
505 2614 642 2702 ἀέρι
668 2621 794 2703 πῦρ
819 2616 1070 2694 πνέοντι
1093 2616 1200 2682 καὶ
1221 2624 1474 2705 numenei
1500 2621 1723 2704 πνίγει,
1763 2620 1882 2689 sub
1911 2630 2051 2682 affre
2072 2624 2278 2704 ιᾈηιιω
2305 2625 2442 2703 epi-

182 2716 374 2768 rante
390 2750 413 2787 ‚
454 2726 534 2765 ao
557 2716 755 2784 prout
780 2706 906 2766 cala·
943 2716 1292 2787 tempestate
1321 2707 1476 2767 solet
1500 2709 1664 2786 sieri.
1695 2729 1898 2789 paene
1925 2708 2271 2792 suffocante
2297 2720 2442 2770 tra-

181 2794 404 2856 hana
441 2792 740 2857 halitum.
825 2811 979 2872 quae
1020 2811 1199 2855 nemo
1236 2813 1364 2854 nou
1414 2795 1705 2856 fatebitur
1745 2794 1963 2856 Sextili
2003 2796 2134 2855 aive
2165 2802 2442 2876 Augusto

184 2881 388 2944 menei
405 2925 425 2960 ,
468 2880 582 2942 aub
608 2878 825 2940 Leonia
853 2878 1022 2959 tigno
1049 2889 1112 2942 et
1139 2879 1456 2943 Gauioulee
1487 2881 1685 2944 sidere
1714 2880 1889 2963 longe
1912 2880 2182 2944 omnium
2212 2882 2442 2944 arden-

184 2968 465 3043 tiaaimo,
505 2967 722 3030 eximie
751 2966 1093 3030 convenire.

370 3054 477 3117 vl.
568 3054 735 3117 Idem
753 3051 1013 3113 adatruit
1037 3053 1192 3116 ordo
1214 3064 1516 3134 gestarum
1542 3063 1604 3116 et
1627 3074 1662 3114 a
1682 3051 2052 3136 Pachymere
2076 3069 2444 3116 memorata-

186 3160 341 3204 rum
367 3160 606 3218 rerum,
650 3160 804 3221 quae
833 3148 1042 3200 exacte
1072 3149 1270 3202 totum
1299 3144 1561 3224 epatium
1590 3143 1750 3202 inter
1782 3142 1941 3202 diem
1971 3146 2050 3208 19
2082 3141 2344 3202 Ianuarii
2378 3150 2444 3202 et

188 3228 422 3290 meuaia
448 3227 706 3309 Auguati
727 3233 807 3293 21
842 3226 1161 3308 complent,
1182 3236 1257 3288 ut
1279 3228 1546 3291 breviter
1574 3229 1940 3290 demonstro.
2025 3229 2210 3289 refert
2243 3226 2445 3289 hieto-

190 3316 369 3378 rien·
414 3315 460 3378 1.
496 3315 539 3381 6
586 3335 639 3377 c.
668 3321 713 3383 2
756 3312 963 3375 etetim
990 3316 1048 3372 'a
1096 3313 1452 3394 refrigerato
1499 3317 1698 3397 primo
1739 3315 1844 3376 illo
1896 3314 2153 3392 ardore,
2211 3335 2332 3394 quo
2376 3317 2446 3376 in

194 3400 523 3464 Athanasii
552 3401 977 3483 repetitionem
1008 3399 1075 3460 iu
1112 3399 1254 3460 aede
1295 3401 1395 3464 die
1425 3408 1502 3469 19
1530 3403 1788 3465 ianuarii
1830 3403 2052 3485 paaaim
2092 3421 2299 3463 omnes
2327 3402 2445 3462 ab·-

194 3488 364 3570 repti
395 3489 657 3566 fuerant,
697 3508 823 3548 non
853 3506 1077 3568 peucoa
1104 3486 1445 3552 antistitum
1472 3489 1724 3551 adversa
1755 3492 1807 3550 ei
1839 3489 2209 3571 promotioni
2236 3489 2443 3550 etudiu
2501 3473 2548 3504 ⁸'
2579 3486 2591 3499 '

196 3584 589 3636 mouetreaae.
676 3595 794 3653 que
831 3573 1216 3635 contentione
1245 3575 1532 3652 durante,
1581 3576 1749 3637 addit
1778 3577 2172 3657 Pechymerea
2201 3596 2350 3635 mox
2377 3597 2441 3656 p.

198 3664 336 3726 376
368 3680 434 3720 v.
470 3668 512 3730 2
543 3661 963 3721 Andronicum
997 3659 1208 3721 diebua
1239 3663 1682 3745 Tyrophagiae,
1724 3664 1824 3743 qui
1867 3664 2144 3746 proxime
2170 3662 2443 3742 quadra-

197 3747 513 3826 genarium
532 3746 821 3809 ieiunium
846 3746 1238 3826 praecedunt,
1263 3750 1476 3810 adiieae
1498 3750 1780 3812 loannem
1803 3752 2101 3811 Coamam.
2189 3748 2309 3808 suit
2333 3747 2442 3807 illo

202 3853 369 3893 anno
394 3834 543 3894 feria
569 3844 786 3913 quarta
803 3834 1086 3894 cinerum
1111 3833 1238 3894 diea
1259 3837 1575 3899 undecima
1600 3837 1938 3916 Februarii3
1980 3836 2142 3898 unde
2165 3835 2268 3894 illa
2289 3854 2443 3914 pro-

199 3918 387 3980 fectio
424 3918 803 4001 imperatorie
847 3919 925 3981 ad
964 3921 1245 3981 Ioannem
1284 3925 1484 4004 aliquo
1517 3936 1745 4006 septem
1782 3925 2018 3985 dierum
2063 3920 2444 3983 undecimam

202 4005 519 4066 februarii
559 4006 720 4066 diem
761 4001 999 4090 ἆμέσως
1035 4010 1521 4089 praecedentium
1563 4011 1873 4093 contigiue
1913 4011 2143 4070 debuit.
2230 4016 2447 4068 narret

202 4100 411 4174 poatea
432 4091 758 4155 hiatoricua
778 4094 1117 4175 perculsum
1131 4094 1548 4160 Andronicum
1570 4097 2182 4161 excommunicatione
2209 4116 2242 4153 a
2263 4096 2444 4154 loan-

171 4200 316 4253 ·ne‚
358 4188 682 4259 poetquam
706 4175 877 4242 illum
906 4182 1033 4263 ipae
1062 4203 1274 4245 verum
1308 4185 1508 4247 adbuc
1535 4185 1939 4268 patriarcham
1967 4181 2438 4262 agiioveret,'in

201 4286 305 4328 eoa
331 4266 629 4327 intentata
649 4268 757 4346 qui
787 4268 1178 4330 Athaneaium
1206 4292 1497 4354 reponere
1517 4275 1588 4335 in
1613 4274 1751 4335 eede
1776 4271 2151 4346 molirentur,
2181 4278 2438 4331 multum

204 4353 497 4415 remieiaae
523 4353 602 4414 de
626 4354 834 4417 etudio
857 4355 925 4415 in
955 4375 1083 4416 eam
1108 4360 1556 4422 restitutionem
1578 4382 1708 4424 auo.
1779 4357 2127 4440 cupa-venit
2149 4355 2244 4417 hia
2269 4376 2441 4416 mor-

18 4429 23 4466 *
210 4443 325 4504 bua
351 4451 417 4506 et
444 4463 612 4505 more
636 4439 992 4505 Theodorae
1005 4444 1310 4527 Augmue
1333 4448 1543 4512 meu-ie
1571 4447 1926 4529 Andronici,
1957 4445 2140 4510 rebua
2163 4443 2443 4507 humanu
