3084 4850
609 447 764 524 696
1225 446 1707 520 OBSERVAT.
1748 447 2232 520 PAchMER.

611 611 859 704 καιρόν,
899 625 1143 701 tempus
1164 616 1454 679 nimirum
1484 618 1659 702 prius
1677 616 1838 681 illud
1862 616 2194 680 exorientis
2218 614 2537 681 Arseniani
2562 616 2886 681 schisma-

614 708 700 769 tis
723 755 744 784 ,
786 704 888 766 vel
912 705 1117 788 ipsum
1143 705 1275 767 eius
1303 704 1649 768 schismatis
1676 726 1918 769 causam
1964 714 2070 767 aut
2092 715 2474 788 praetextum
2498 708 2889 787 expatriar-

616 793 796 856 cbam
825 792 1180 871 Arsenium,
1223 793 1391 854 credi
1423 794 1672 875 poterit.
1763 800 2079 874 comparat
2109 793 2267 853 enim
2310 794 2492 854 tacite
2521 791 2888 854 historicus

615 881 737 944 duo
768 890 1075 962 tempora,
1120 879 1337 962 quibus
1363 880 1622 940 similem
1654 880 2077 962 impotentiam
2117 879 2424 941 saeviendi
2447 878 2727 940 michael
2760 898 2889 940 ιιι-

610 976 861 1053 perator
887 967 1255 1046 ostenderit,
1297 966 1468 1050 prius
1499 966 1832 1028 exorientis
1860 965 1972 1028 sub
1997 964 2414 1047 patriarchatu
2450 966 2707 1049 Iosephi
2744 968 2888 1028 Ar·-

610 1055 890 1117 senianae
931 1053 1250 1133 factionis,
1307 1053 1656 1115 auctoribus
1707 1053 1971 1115 maxime
2018 1052 2371 1115 monachis·
2355 1099 2374 1133 ,
2432 1052 2496 1112 in
2524 1074 2691 1134 quos
2727 1053 2881 1114 ideo

612 1142 889 1225 impulsu
939 1140 1222 1222 losephi,
1276 1139 1449 1202 iussu
1486 1140 1745 1220 Augusti
1788 1139 2085 1242 Georgius
2125 1139 2482 1222 Acropolita
2509 1139 2889 1202 immaniter

613 1238 921 1312 grassatus
957 1225 1314 1289 ulciscendo
1347 1226 1459 1306 sit,
1517 1230 1795 1309 χὰλεπως
1831 1220 2248 1308 αἰκιζόμενος,
2293 1228 2559 1309 deleam,
2605 1251 2887 1309 κρεμαν-

614 1313 827 1391 νιῖων,
872 1316 1206 1396 μαστίζειν,
1251 1314 1420 1375 omni
1454 1313 1828 1376 crudelitatis
1868 1323 1931 1376 et
1958 1314 2321 1394 ignominiae
2348 1335 2441 1394 ge·
2426 1333 2567 1374 nere
2602 1316 2887 1376 caedens

620 1424 697 1464 ac
739 1401 1146 1464 dehonestans
1188 1400 1568 1463 venerabiles
1614 1400 1850 1484 populo
1902 1401 2279 1482 professores
2318 1401 2482 1463 vitae
2526 1401 2889 1481 religiosae,

616 1511 698 1551 ex
752 1488 973 1550 celebri
1014 1488 1366 1571 praesertim
1410 1491 1813 1568 monasterio,
1885 1489 2294 1571 Pantepoptae
2341 1488 2543 1566 dicto,
2607 1508 2777 1568 quos
2820 1498 2889 1550 et

615 1586 942 1660 postquam
973 1577 1134 1637 male
1162 1576 1566 1637 mulctaverat
1591 1576 1901 1638 exulatum
1924 1576 2303 1639 amandabat.
2388 1585 2544 1635 tunc
2569 1595 2890 1637 excoeca-

615 1670 715 1725 ἰοὶ
754 1664 940 1725 fuisse
978 1663 1128 1724 istos
1167 1663 1594 1741 antesignanos
1632 1664 1999 1725 Arsenianae
2036 1664 2261 1746 partis,
2314 1682 2466 1743 quos
2493 1665 2889 1725 convincere

620 1761 685 1814 et
711 1752 790 1811 ad
819 1750 1210 1812 concordiam
1236 1751 1531 1813 reducere
1560 1760 1816 1811 conatus
1847 1752 2032 1832 longo
2063 1759 2202 1833 post
2245 1759 2521 1832 tempore
2546 1750 2889 1811 Androni·-

619 1858 733 1899 cus
775 1850 898 1915 est,
964 1847 1153 1921 prout
1193 1838 1386 1900 refert
1421 1845 1629 1899 noster
1655 1835 1784 1901 eius
1811 1836 2104 1900 historiae
2134 1858 2199 1918 p.
2228 1838 2361 1906 462
2388 1857 2448 1903 v.
2475 1836 2540 1912 6,
2584 1837 2883 1918 equidem

619 1924 1020 2002 crediderim,
1078 1945 1222 1985 cum
1263 1924 1330 1985 id
1368 1925 1511 1985 alibi
1554 1935 1870 1985 narratum
1898 1925 1974 1985 sb
2016 1945 2088 1986 eo
2117 1923 2463 1985 distinctius
2491 1943 2622 1984 non
2662 1924 2887 2003 legam.

616 2019 753 2159 ¹5:51¹
742 2011 1190 2180 ⁰1⁸ss²¹¹22¹3¹3
1217 2010 1330 2163 {2¹5
1357 2011 2259 2198 2⁸”3323‘5253301‘3a12‘2122m‘
2271 2008 2885 2177 3ῗῶοὲἒῖωῆ

2184 2141 2204 2174 D

626 2203 755 2267 quo
795 2205 832 2243 a
878 2183 1004 2244 suis
1044 2182 1392 2245 Araenianis
1414 2183 1817 2265 pertinaciter
1849 2183 1917 2244 in
1946 2183 2243 2245 sententia
2264 2181 2661 2245 haerentibus
2686 2183 2882 2264 vulgo

620 2270 1118 2353 appellabantur,
1174 2264 1387 2336 κόκκοι
1419 2270 1714 2352 parazol,
1783 2290 1925 2332 cum
1962 2270 2150 2333 laude
2205 2290 2280 2331 sc
2340 2269 2885 2333 commendatione

621 2367 937 2440 tamquam
969 2358 1346 2420 confessores
1369 2356 1663 2419 celebrari
1704 2359 1780 2419 sb
1814 2355 1914 2419 his
1951 2358 2201 2438 solitos,
2242 2357 2549 2419 vocabulo
2586 2357 2885 2420 videlicet

621 2447 845 2508 Latino
873 2450 1055 2524 coeci,
1098 2456 1170 2507 ut
1195 2446 1312 2507 alia
1336 2445 1526 2507 multa
1550 2466 1661 2529 per
1688 2444 1753 2506 id
1778 2455 2040 2530 tempus,
2085 2447 2352 2508 Graecae
2382 2446 2584 2530 plebis
2607 2466 2731 2509 usu
2754 2447 2885 2509 fre-

626 2542 918 2613 quentato
965 2542 1027 2592 et
1065 2552 1357 2613 expresso
1390 2532 1641 2595 Graecis
1684 2532 1911 2608 literis·
1963 2544 2038 2595 ut
2080 2535 2240 2596 sorte
2267 2533 2593 2635 legendum
2636 2533 2770 2595 illic
2795 2532 2885 2595 sit

625 2626 867 2696 καῖκοι,
915 2628 1020 2679 aut
1063 2617 1235 2678 iuxta
1277 2618 1651 2722 scripturam
1697 2619 1913 2681 multis
1952 2620 2308 2682 Latinorum
2338 2621 2633 2682 usitatam
2657 2643 2883 2701 ιιοαωι,

629 2707 798 2788 quod
835 2704 1093 2787 propius
1143 2725 1179 2764 ιι
1221 2698 1435 2769 κόκκοι
1480 2704 1693 2772 aberit.
1781 2726 2028 2765 coecum
2063 2707 2227 2768 enim
2269 2726 2382 2788 per
2427 2706 2884 2788 diphthongum

627 2813 722 2853 oe
742 2814 776 2852 a
823 2792 1029 2852 multis
1066 2791 1452 2865 Latinorum,
1508 2791 1880 2854 vocabulum
1931 2797 2145 2881 τυφλῷ
2204 2792 2437 2853 Graeco
2480 2795 2885 2894 respondens,

629 2879 818 2940 scribi
868 2879 935 2940 in
976 2900 1105 2940 non
1148 2878 1361 2962 paucis
1402 2877 1738 2961 hodieque,
1790 2888 1868 2940 ut
1910 2901 2035 2941 non
2062 2882 2262 2941 dicam
2306 2877 2663 2960 plerisque,
2705 2881 2885 2941 etiam

630 2966 882 3047 antiqua
910 2967 1174 3027 exaratis
1204 2987 1424 3044 manu,
1468 2969 1743 3028 cernitur
1767 2966 1962 3029 libris.
2050 2988 2171 3050 qua
2197 2967 2521 3027 occasione
2555 2987 2688 3028 non
2712 2986 2885 3030 vere-

627 3053 746 3114 bor
788 3055 988 3115 dicere
1029 3055 1188 3115 sorte
1234 3056 1410 3114 istam
1461 3053 1969 3133 emendatiorem,
2019 3063 2239 3137 utpote
2266 3054 2881 3117 accommodatiorem

631 3142 711 3201 ad
747 3150 1015 3222 etymum
1036 3186 1056 3217 ,
1105 3142 1501 3223 scriptionem
1547 3161 1693 3203 esse.
1780 3141 1966 3204 video
2008 3140 2497 3205 accuratissimos
2534 3142 2885 3223 grammati-

635 3248 742 3287 cos
785 3229 1046 3288 multum
1081 3249 1145 3289 se
1192 3239 1599 3307 contorquere
1626 3229 1691 3289 in
1722 3227 2118 3311 disquirenda
2166 3227 2403 3308 origine
2442 3230 2620 3291 vocis
2656 3249 2880 3292 coecus.

636 3313 944 3388 Isidorus,
1001 3317 1317 3390 Perottus,
1377 3316 1792 3396 Decembrius,
1851 3317 2030 3379 relati
2072 3338 2106 3378 a
2132 3316 2352 3378 Vossio
2380 3317 2450 3377 in
2477 3337 2595 3377 suo
2628 3337 2881 3378 secura·

636 3401 871 3460 tissimo
917 3403 1376 3482 Etymologico,
1436 3424 1689 3462 caecum
1733 3423 1843 3485 per
1888 3424 1959 3466 ae
2004 3403 2336 3467 scribentes
2379 3424 2417 3463 a
2459 3402 2732 3464 carendo
2778 3413 2880 3463 aut

642 3486 941 3566 capiendo
970 3490 1204 3549 dictum
1247 3498 1609 3565 autumant,
1657 3491 1826 3571 quod
1858 3491 2144 3552 nimirum
2174 3501 2388 3550 careat
2415 3499 2526 3550 aut
2548 3503 2777 3572 captus
2797 3493 2877 3549 sit

641 3573 864 3650 oculis,
907 3575 1072 3653 quod
1100 3585 1173 3636 ut
1200 3576 1379 3657 longe
1408 3577 1709 3658 petitum,
1750 3579 1957 3639 nullus
1981 3599 2109 3638 nou
2130 3575 2525 3639 emunctioris
2565 3579 2758 3658 paulo
2782 3599 2881 3637 na·-

639 3661 727 3721 ris
756 3662 1127 3722 transmittat
1155 3662 1773 3724 lect01.hla1tnnus
1796 3675 2120 3747 postquam
2155 3685 2191 3724 a
2220 3663 2455 3723 Graeco
2484 3666 2692 3729 καίειν
2718 3686 2877 3724 urere

641 3766 894 3808 caecum
928 3747 1124 3807 sideri
1156 3747 1482 3810 formatum
1513 3751 1867 3830 proposuit,
1900 3753 2060 3813 sicut
2086 3748 2324 3829 τυφλόν
2350 3769 2386 3808 a
2411 3744 2599 3830 τύφω
2622 3749 2876 3812 accendo

643 3833 1065 3913 (neutiquam
1047 3853 1110 3893 ιιι
1140 3831 1307 3895 hoc'
1289 3837 1409 3916 ipsi
1439 3841 1800 3899 assentiente
1840 3839 2075 3899 Graeco
2106 3833 2624 3924 Etymologista),
2670 3838 2880 3901 deinde

639 3920 786 4000 long*
757 3942 822 3994 qe
847 3919 1211 4004 prudentius
1235 3919 1457 3984 fatetur
1487 3925 1655 3982 caeci
1696 3924 2154 4003 originationem
2180 3925 2362 4005 plane
2393 3945 2641 3987 caecam
2686 3938 2750 3988 et
2774 3945 2879 3985 oc-

645 4011 877 4068 cultam
907 4028 1058 4068 esse.
1144 4008 1295 4088 quid
1327 4010 1377 4069 si
1419 4019 1621 4070 autem
1672 4032 1916 4071 coecum
1958 4031 2069 4094 per
2115 4031 2189 4071 oe
2231 4011 2604 4091 scribamus,
2659 4024 2723 4075 et
2758 4013 2879 4073 eius

646 4095 736 4152 sic
777 4096 990 4176 scripti
1031 4095 1313 4155 xoeabuli
1347 4096 1763 4177 veriloquium
1790 4119 2165 4158 accersamus
2192 4119 2227 4157 a
2254 4101 2493 4159 Graeco
2520 4104 2687 4176 κοῶ,
2730 4094 2879 4180 quod

647 4190 742 4239 est
767 4186 939 4259 νοοῖ,
983 4191 1054 4241 ut
1084 4182 1166 4242 sit
1193 4178 1403 4258 κοῖκός
1433 4185 1595 4246 idem
1636 4184 1806 4266 quod
1852 4180 2086 4261 νοῖιιὸς,
2133 4184 2242 4266 qui
2275 4185 2405 4246 acie
2436 4188 2640 4248 solum
2667 4182 2879 4246 mentis

647 4265 891 4343 videat,
948 4268 1175 4330 intuitu
1228 4271 1548 4331 oculorum
1592 4268 1854 4334 carens?
1908 4293 2054 4333 sane
2090 4272 2448 4334 Euststhius
2488 4273 2881 4356 παραβολαῖς

651 4351 740 4423 εἷς
762 4348 952 4416 Πιαδ
991 4360 1090 4437 KP
1094 4359 1270 4422 -736
1303 4356 1396 4420 ed.
1427 4358 1601 4417 Rom.
1632 4378 1853 4419 vocem
1902 4360 2197 4420 comicam
2222 4354 2525 4439 κοάλεμος
2560 4374 2879 4463 exponen&

649 4433 846 4518 ἤγουν
882 4376 1134 4520 (inquipt)
1163 4440 1234 4505 ἐν
1259 4447 1350 4505 τῶ·
1367 4449 1561 4516 nostr.
1602 4441 1749 4544 fisos
1779 4450 1947 4509 νοεῖν
1966 4439 2305 4525 ἐλόμενος.
2351 4465 2495 4523 ergo
2527 4450 2698 4508 ποεῖν
2720 4444 2883 4504 νοεῖν

649 4533 778 4601 est,
821 4535 892 4585 ut
917 4522 1136 4591 ιιοιιιόν
1163 4507 1410 4590 macinas
1434 4529 1621 4613 primi
1642 4530 1844 4593 Latini
1874 4532 2145 4615 profecti
2170 4551 2208 4594 a
2234 4531 2493 4594 Graecia
2520 4522 2665 4594 κατ’
2695 4521 2883 4608 aivn-
