3084 4850
1142 447 1628 520 PRAEF'ATIO.
2391 479 2482 524 vu

287 621 633 702 uuiosmn,
688 643 823 686 non
881 624 1073 687 semel
1129 619 1537 706 Pachymeres
1593 624 1878 692 affirmat.
1976 625 2316 714 aperiamus
2367 628 2484 692 hoc

291 746 400 789 nos
428 725 560 791 illis
595 746 925 805 arcanum,
973 738 1036 790 et
1075 724 1467 808 indigitemus
1502 729 1773 808 trabem,
1822 748 2005 814 quam
2045 729 2187 814 quia
2229 730 2481 795 infixam

294 839 501 909 gerunt
541 829 777 910 oculis,
842 826 1053 894 videre
1101 828 1267 894 illusi
1304 842 1633 916 nequeunt.
1732 830 1995 917 relapsio
2057 832 2120 894 in
2177 831 2479 897 haeresim

295 932 356 995 S.
402 931 672 1019 Spiritus
722 933 1177 1019 processionem
1233 952 1270 995 e
1320 943 1493 1019 patre
1545 933 1732 997 simul
1775 954 1915 995 cum
1968 933 2095 996 filio
2139 948 2481 1018 negantem,

294 1036 618 1122 repetitum
657 1034 958 1116 sobmon,
1022 1034 1277 1098 rebellio
1325 1034 1537 1099 iterata
1603 1036 1669 1098 in
1733 1033 1958 1100 Christi
2012 1036 2302 1101 vicarium
2342 1037 2481 1101 Ro-

294 1159 547 1202 manum
576 1138 966 1225 pontificem,
1018 1147 1224 1202 vestra
1262 1134 1593 1218 Byzantini
1632 1139 1752 1201 hoe
1799 1158 1983 1224 opere
2026 1140 2323 1225 publicata
2367 1140 2483 1203 cri-

294 1242 459 1304 mins
526 1250 694 1308 sunt.
796 1260 880 1303 ne
937 1239 1204 1326 quaerite
1276 1239 1429 1304 alias
1496 1240 1748 1303 istarum
1804 1242 1919 1304 snb
1973 1241 2190 1326 quibus
2241 1244 2487 1323 gemitis

294 1343 636 1406 exitialium
653 1390 674 1421 ,
714 1352 926 1408 tenore
969 1340 1431 1406 continuissimo
1470 1363 1767 1407 nexorum
1782 1390 1800 1423 ,
1853 1353 2021 1405 aucta
2059 1364 2304 1429 semper
2346 1366 2486 1425 gra-

295 1444 477 1508 dibus
536 1443 850 1509 atrocitate
909 1444 1303 1510 crescentium
1368 1464 1581 1510 csusss
1642 1445 2067 1512 calamitatum.
2165 1458 2487 1533 utcumque

293 1548 468 1636 probi
540 1549 730 1612 mites
785 1547 931 1612 iusti
983 1548 1285 1635 principes
1341 1551 1528 1612 vestri
1592 1548 1942 1629 videantur,
2021 1551 2283 1636 populus
2335 1550 2486 1613 satis

295 1651 701 1737 compositus,
740 1652 935 1715 clerus
975 1651 1175 1733 gravis
1223 1661 1285 1713 et
1319 1650 1653 1730 honestus,
1700 1672 1892 1714 unum
1934 1663 2029 1715 est
2070 1651 2214 1714 odio
2256 1651 2322 1713 in
2364 1671 2481 1715 vos

294 1751 392 1817 dei
436 1752 801 1817 concitando
839 1753 943 1817 vel
981 1752 1466 1817 efficacissimum
1510 1753 1806 1833 flagitium
1824 1800 1843 1833 ,
1907 1754 2188 1841 pertinax
2241 1755 2485 1839 ample-

295 1878 411 1920 xus
462 1856 713 1942 reprobi
759 1853 1059 1936 dogmatis
1076 1901 1096 1935 ,
1155 1855 1442 1942 pervicax
1502 1857 1881 1944 contemptus
1927 1875 2247 1943 supremae
2288 1858 2482 1920 eccle-

297 1959 576 2022 sissticae
645 1957 1011 2022 auctoritatis
1061 1958 1129 2021 in
1181 1954 1346 2021 Petri
1410 1977 1755 2023 successore
1827 1956 2112 2022 Romano
2192 1956 2480 2044 episcopo

298 2060 524 2125 Christi
595 2059 792 2149 ipsius
856 2058 1237 2124 institutione
1312 2062 1698 2125 constitutae.
1805 2062 1958 2124 haee
2034 2060 2214 2125 vobis
2283 2059 2480 2124 Lerna

295 2166 633 2244 malorum,
698 2162 869 2244 origo
920 2161 1215 2241 cladium,
1278 2164 1421 2226 sons
1480 2164 1944 2227 infortuniorum
1989 2164 2192 2227 omnis
2244 2162 2483 2244 generis

298 2288 452 2330 uuus
490 2278 592 2330 est
632 2266 928 2330 omnium.
1031 2263 1251 2328 doletis
1293 2276 1531 2330 vestros
1576 2265 1872 2329 exercitus
1923 2264 2480 2346 numerosissimos,

298 2367 581 2433 ductante
633 2390 745 2455 per
796 2388 866 2433 se
906 2367 1046 2456 ipso
1091 2378 1299 2434 vestro
1342 2367 1616 2450 Augusto
1658 2367 1953 2432 Michae'le
1995 2367 2265 2448 iuniore,
2323 2390 2484 2432 nunc

296 2472 722 2558 incompositis
770 2491 885 2535 nec
920 2471 1130 2535 multis
1184 2471 1506 2558 oppositos
1553 2469 1620 2534 in
1665 2471 1808 2535 Asia
1853 2472 2156 2551 barbaris,
2216 2493 2378 2534 nune
2417 2472 2484 2535 in

299 2573 575 2639 occidus
635 2573 984 2637 continente
1030 2573 1238 2660 paucis
1283 2572 1598 2661 imperatis
1644 2575 1984 2638 extorribus
2033 2574 2304 2637 obiectos
2354 2575 2486 2637 acie

298 2677 565 2757 Latinis,
644 2686 871 2740 terrore
930 2678 1122 2741 fuisse
1176 2688 1588 2741 consternatos
1620 2670 1858 2765 'panico
1876 2724 1894 2757 ,
1966 2679 2168 2756 susos,
2226 2678 2486 2756 fugatos,

298 2777 703 2867 profligatos?
762 2780 1201 2860 consternavit,
1264 2778 1532 2860 disiecit,
1592 2779 1854 2867 perdidit
1914 2778 2121 2842 divina
2180 2777 2483 2857 Nemesis,

300 2883 604 2946 haeresim
658 2882 727 2944 in
786 2882 968 2947 vobis
1021 2892 1084 2946 et
1143 2883 1407 2946 schisma
1466 2881 1803 2947 vindicans.
1904 2904 1985 2944 an
2044 2903 2193 2946 vero
2239 2901 2321 2943 ex
2362 2901 2483 2966 quo

300 2986 641 3066 legitimum
694 2985 1028 3048 antistitem
1046 3030 1066 3064 ,
1126 2982 1452 3048 orthodoxi
1507 2983 1812 3065 dogmatis
1848 2981 1927 3045 de
1973 2981 2366 3068 processione
2409 2979 2481 3049 S.

300 3086 560 3173 Spiritus
626 3107 710 3148 ex
756 3097 928 3172 patre
975 3086 1225 3171 filioque
1279 3084 1752 3149 eruditissimum
1810 3083 2276 3147 disertissimum
2331 3106 2477 3146 con-

300 3188 860 3273 stantissimamque
928 3185 1346 3269 defensorem,
1436 3189 1657 3252 throno
1735 3188 2116 3276 patriarchali
2185 3186 2482 3250 loannem
2603 3206 2612 3215 ’

300 3290 573 3355 Veccum
615 3288 978 3362 deturbastis
997 3337 1018 3371 ‚
1064 3302 1268 3357 vestra
1307 3311 1601 3379 umquam
1640 3292 1706 3354 in
1749 3293 1871 3365 ulla
1910 3292 2013 3355 vel
2059 3293 2272 3353 umbra
2315 3302 2481 3353 tran-

301 3393 618 3481 quillitstis
672 3393 1016 3479 conquievit
1066 3393 1363 3459 ecclesia?
1463 3416 1589 3458 non
1623 3395 1731 3457 ille
1768 3415 1949 3481 quem
1985 3415 2097 3479 pro
2130 3392 2335 3457 Vecco
2381 3394 2483 3455 in-

299 3496 563 3559 trusistis
609 3492 937 3577 Gregorius
985 3495 1274 3584 Cyprius,
1336 3496 1756 3561 iactationibus
1814 3517 2140 3560 concussus
2200 3494 2478 3585 assiduis,

300 3617 591 3685 praeceps
633 3596 881 3661 tandem
921 3598 1070 3663 sede
1108 3598 1373 3664 corruit?
1475 3620 1601 3663 non
1656 3599 1824 3685 paria
1873 3620 2093 3685 passus
2144 3599 2237 3659 illi
2284 3600 2479 3660 suffe-

301 3710 430 3765 ctus
472 3699 888 3765 Athanasius?
948 3702 1115 3789 poris
1152 3699 1417 3768 Ioannes
1457 3699 1761 3767 cosmas?
1816 3702 2071 3778 similia,
2126 3704 2320 3763 immo
2365 3721 2478 3785 pe·-

300 3802 466 3882 ioro,
532 3804 758 3867 iterum
805 3816 1012 3868 contro
1050 3804 1150 3868 ius
1194 3806 1410 3892 sosque
1457 3803 1758 3891 repositus
1796 3804 1862 3866 in
1902 3814 2061 3866 recte
2105 3804 2305 3865 ablato
2364 3822 2478 3888 pa-

301 3904 621 3971 triarchatu
675 3905 1037 3972 Athanasius
1089 3905 1291 3987 idem,
1342 3907 1526 3976 vohis
1575 3905 1824 3994 insuper
1860 3906 2011 3993 ipsis
2050 3904 2479 3968 infestissimus

304 4019 365 4071 et
404 4007 1025 4074 abnuunatissimus?
1122 4008 1269 4096 quid
1307 4030 1650 4073 memorem
1694 4029 1942 4088 saevas,
1995 4008 2329 4086 homenes,
2361 4007 2480 4068 'ra-

302 4111 498 4175 biosis
548 4110 910 4176 commissas
949 4124 1013 4176 et
1047 4113 1368 4178 vobiscum
1407 4124 1473 4176 et
1514 4113 1777 4176 invicem
1815 4111 2024 4192 iurgiis
2061 4120 2254 4174 sectas
2301 4109 2483 4172 Arse-

301 4212 657 4292 nianorum,
737 4209 1218 4301 losephitsrum‚
1298 4206 1876 4299 Hyecinthinorum,
1931 4212 2186 4276 aliorum
2206 4261 2224 4292 ,
2287 4209 2483 4275 inodo

301 4313 547 4398 Georgii
598 4314 1113 4402 Moschampsris,
1172 4317 1361 4384 modo
1412 4316 1604 4381 Marci
1654 4315 1935 4402 discipuli
1984 4315 2223 4401 Cyprii,
2296 4315 2486 4376 modo

300 4417 628 4492 Andronici
685 4415 1035 4500 sardensis,
1088 4420 1281 4486 modo
1330 4420 1580 4486 loannis
1622 4418 1955 4508 Ephesini‚
2006 4417 2193 4484 modu
2241 4417 2489 4481 Nicetse
