3084 4850
719 337 878 408 Lm.
919 336 1037 411 III.
1140 337 1892 410 CHRONOLOGICUS.
2291 341 2442 412 819

186 503 387 567 Baiae
420 505 486 566 in
528 523 689 565 anno
737 502 996 585 Hegirac
1032 507 1162 572 680
1199 504 1620 582 clauderetur,
1666 511 1953 585 quoniam
1979 501 2031 567 is
2059 525 2256 566 annus
2284 526 2314 564 a
2351 512 2437 573 22

185 592 425 672 Aprilis
476 592 622 651 anni
663 589 807 651 Chr.
858 595 1014 659 1281
1061 589 1381 652 inchoatus
1401 612 1596 672 usque
1621 593 1698 651 ad
1737 598 1817 660 10
1844 591 2076 673 Aprilis
2107 594 2255 653 anni
2286 593 2431 656 chr.

191 683 367 746 1282
401 677 823 758 protenditur:
872 675 1247 738 l’hul-Haia
1278 698 1423 739 vero
1457 680 1712 739 ultimus
1746 680 1969 739 mensis
2018 681 2159 740 anni
2190 679 2432 740 ArabIci

182 765 410 842 viginti
455 785 673 824 novem
707 772 1049 845 postremos
1087 766 1217 825 eius
1246 766 1391 825 anni
1421 764 1552 826 dies
1585 763 1893 835 continet,
1952 766 2054 846 qui
2085 785 2224 825 cum
2254 777 2428 828 retro

185 851 494 910 numerati
526 872 559 908 a
590 855 672 915 10
702 850 930 930 Aprilis
957 850 1034 910 ad
1072 854 1151 917 18
1184 852 1386 912 Martii
1413 851 1807 933 perveniant.
1850 851 1934 911 ibi
1980 851 2257 931 defigunt
2282 871 2432 913 neo-

180 937 448 996 meniam
481 935 904 998 Dhul-Haise.
991 936 1163 1017 prior
1208 938 1397 1017 igitur
1434 936 1751 999 character
1791 938 2108 998 manifeste
2139 940 2431 1021 competit

180 1043 350 1083 enno
385 1021 636 1100 Hegirae
665 1027 816 1090 680.
904 1041 1020 1082 nec
1052 1023 1255 1085 minus
1280 1023 1595 1085 evidenter
1621 1025 1921 1105 posterior
1950 1025 2140 1086 eidem
2169 1024 2430 1106 adapta-

177 1119 313 1170 tur.
386 1130 527 1167 nam
558 1109 879 1169 vicesimus
905 1129 1100 1169 nonus
1132 1110 1261 1172 dies
1287 1111 1512 1188 Martii,
1555 1130 1732 1189 quent
1764 1111 1947 1171 fuisse
1975 1111 2137 1171 diem
2164 1110 2432 1172 Paschae

176 1195 564 1256 ostendimus
590 1194 653 1255 in
687 1216 848 1255 anno
864 1193 1088 1256 Christi
1114 1200 1300 1271 1282,
1330 1196 1448 1258 suit
1477 1196 1814 1257 necessario
1841 1196 2110 1257 decimus
2132 1198 2431 1278 septimus

182 1280 599 1342 ”hul-Baiae
637 1282 859 1342 mensis
898 1282 1172 1360 Arabici,
1217 1283 1512 1363 siquidem
1556 1283 1608 1341 is
1639 1281 1903 1364 incepit,
1945 1295 2017 1342 ut
2044 1291 2134 1343 est
2163 1283 2418 1361 dictum,
2457 1291 2499 1345 P
2532 1292 2634 1348 594

178 1389 213 1428 a
242 1368 345 1428 die
386 1373 461 1433 13
502 1368 724 1432 Martii.
809 1388 996 1449 porro
1039 1368 1117 1428 ad
1141 1369 1301 1429 diem
1343 1372 1428 1437 29
1457 1369 1694 1443 Martii,
1739 1389 1893 1449 quae
1933 1368 2197 1430 Paschae
2219 1370 2421 1431 domi-

174 1456 326 1514 nica
358 1455 512 1529 suit,
556 1455 606 1515 si
635 1462 758 1515 tres
789 1454 966 1515 serias
1004 1455 1331 1535 adiungas,
1374 1456 1704 1516 secundam
1739 1456 1976 1516 tertiam
2018 1464 2082 1516 et
2120 1469 2425 1536 quartam,

178 1541 345 1602 hanc
387 1542 663 1621 profecto
709 1539 983 1600 ultimam
1024 1541 1293 1602 residere
1339 1540 1755 1623 deprehendes
1782 1543 1845 1601 in
1877 1540 2155 1603 kalendis
2193 1543 2427 1628 Aprilis

176 1627 439 1704 Iuliani,
483 1628 547 1688 in
583 1646 731 1706 quas
768 1625 992 1686 incidit
1013 1628 1338 1688 vicesimus
1366 1626 1494 1688 dies
1527 1626 1772 1688 Arabici
1806 1626 2207 1689 obul-Haisa.
2267 1647 2419 1707 ergo

178 1713 515 1774 vicesimus
553 1711 970 1773 Dhul-Haiae
1007 1733 1168 1773 anno
1201 1712 1460 1792 Hegirae
1489 1716 1616 1778 680
1663 1714 1780 1773 suit
1817 1714 1945 1775 dies
1978 1713 2263 1775 Mercurii
2292 1716 2424 1775 sivo

176 1809 403 1882 quarta
433 1798 616 1876 seria3
663 1797 769 1878 qui
798 1809 929 1860 erat
968 1800 1276 1861 secundus
1314 1798 1786 1878 chronologicus
1829 1799 2147 1861 character
2174 1820 2421 1878 annum,

177 1908 311 1968 quo
351 1896 441 1946 est
487 1885 695 1946 Abaka
734 1894 1054 1966 mortuus,
1108 1885 1458 1966 insigniens.
1549 1906 1738 1966 quare
1779 1885 1945 1946 hunc
1989 1887 2425 1968 imperatorem

172 1973 626 2052 mogutensium
662 1992 784 2032 non
814 1993 973 2032 anno
1002 1974 1257 2053 Hegirae
1285 1977 1435 2047 681,
1480 1982 1553 2032 ut
1586 1992 1903 2054 perperam
1933 1974 2002 2033 in
2030 1971 2423 2055 Abulpbara-

171 2060 261 2140 gii
313 2059 616 2121 Chronico
659 2058 978 2135 scribitur,
1049 2059 1158 2121 sed
1199 2058 1584 2140 praecedenti
1633 2059 1888 2138 Hegirae
1930 2061 2060 2127 680
2095 2059 2309 2121 vivere
2345 2080 2422 2119 ac

168 2167 430 2226 regnare
478 2145 723 2205 desiisse
768 2146 1101 2207 tenendum
1140 2165 1256 2226 pro
1310 2154 1481 2204 certo
1521 2154 1632 2210 est.
1722 2146 1884 2205 unde
1929 2164 2083 2225 quae
2130 2146 2418 2226 proxime

170 2232 570 2293 antecessisse
596 2230 727 2290 illic
756 2232 1050 2292 dicuntur
1090 2232 1221 2292 eius
1264 2231 1499 2290 obitum
1529 2230 1949 2311 expeditiones
1977 2230 2421 2311 Megulensium

166 2321 239 2379 in
269 2318 510 2398 Syriam
539 2316 724 2393 duae,
769 2317 858 2377 sic
881 2316 1311 2378 ‘verisimiliter
1338 2316 1714 2377 ordinandae
1746 2327 1910 2393 sunt,
1955 2328 2027 2378 ut
2062 2318 2235 2399 prior
2265 2317 2420 2377 duce

168 2402 518 2484 Kungortai
563 2411 778 2484 coepta
829 2423 1016 2467 verno
1054 2414 1326 2487 tempore
1367 2404 1512 2465 anni
1548 2403 1806 2483 Hegirae
1852 2407 1981 2472 679
2031 2402 2234 2466 hieme
2268 2406 2419 2465 anni

165 2492 441 2555 eiusdem
467 2490 847 2552 terminetur.
889 2501 1100 2574 postea
1128 2511 1271 2553 vere
1300 2490 1446 2552 anni
1475 2492 1783 2571 sequentis
1813 2490 2071 2571 Hegirae
2087 2494 2236 2567 680,
2255 2510 2417 2551 nun-

166 2580 324 2640 tiata
349 2597 507 2639 nova
531 2580 832 2658 Syrorum
861 2578 1219 2658 defectione,
1244 2598 1314 2639 eo
1332 2579 1558 2658 Munga
1572 2578 1856 2639 Timurus
1879 2577 2158 2638 minimus
2174 2575 2417 2638 ‘Abakae

167 2668 368 2727 frater
397 2685 537 2726 cuin
568 2666 841 2726 exercitu
875 2665 1318 2746 Mogulensium
1356 2665 1796 2746 quinquaginta
1832 2664 2092 2725 millium
2124 2663 2413 2741 moverit,

163 2752 402 2815 habens
452 2761 762 2834 praeterea
797 2772 1003 2813 secum
1048 2753 1298 2814 sociales
1342 2753 1746 2822 Armenorum
1792 2750 1999 2832 copias
2019 2794 2040 2827 ,
2104 2768 2244 2830 rege
2275 2748 2414 2830 ipso

162 2838 495 2900 Armeniae
515 2838 821 2899 ductante.
906 2837 972 2900 hi
1015 2839 1199 2900 simul
1241 2858 1449 2900 omnes
1481 2858 1621 2897 cum
1652 2837 1824 2917 Syris
1864 2847 1929 2897 et
1958 2837 2266 2916 Aegyptiis
2295 2835 2416 2896 du-

162 2926 272 2985 bio
326 2926 518 2984 Marte
560 2925 723 2985 inter
767 2925 1018 2985 Hamam
1058 2936 1121 2986 et
1144 2925 1455 2984 Hemesam
1491 2922 1925 2983 conflixerunt.
2009 2920 2154 2981 inde
2181 2920 2410 3001 Munga

161 3010 219 3070 Τ
222 3012 460 3070 imarus
492 3030 557 3070 ee
586 3010 663 3071 ad
708 3011 977 3072 Abaknm
1022 3012 1322 3091 recipiens
1368 3030 1510 3069 cum
1549 3009 1615 3068 in
1666 3006 2159 3090 Mesopotamiam
2188 3027 2412 3089 perve-

160 3098 397 3172 nisset,
441 3095 528 3155 ibi
564 3117 641 3156 ex
683 3116 921 3158 veneno
966 3118 1079 3179 per
1120 3097 1394 3159 fraudem
1444 3096 1773 3177 propinato
1823 3096 1891 3155 in
1929 3093 2148 3155 itinere
2195 3096 2409 3155 ver‘sus

158 3183 407 3246 Nisibin
434 3182 739 3243 extinctus
766 3193 887 3261 est,
938 3183 1285 3244 eorumdem
1313 3182 1599 3244 videlicet
1640 3181 1880 3243 insidiis
1910 3180 2017 3262 qui
2047 3201 2177 3241 non
2207 3180 2407 3257 multo

158 3280 310 3354 post
364 3269 630 3331 Abakam
670 3270 872 3351 ipsum
916 3270 1050 3351 pari
1081 3270 1311 3332 scelere
1340 3291 1414 3329 ac
1445 3269 1589 3330 dolo
1621 3277 2039 3350 peremerunt:
2081 3287 2224 3326 nam
2252 3263 2406 3327 effe-

156 3368 307 3420 ctus
334 3368 454 3418 tam
474 3356 698 3438 gemini
731 3365 895 3417 recte
918 3356 1022 3416 uni
1056 3366 1116 3417 et
1145 3356 1340 3417 eidem
1375 3356 1753 3438 imputentur
1780 3374 2014 3428 causae,
2058 3352 2202 3414 odio
2242 3372 2406 3433 quo-

154 3443 448 3507 rumdam
486 3444 947 3504 coniuratorum
968 3445 1032 3503 in
1061 3443 1304 3505 Abakae
1333 3444 1601 3506 domum.
1688 3452 1751 3503 at
1797 3441 1876 3502 de
1923 3438 2021 3500 bis
2063 3459 2178 3521 pro
2215 3438 2407 3500 insti-

153 3540 300 3592 tuto
330 3530 473 3612 plus
500 3530 664 3591 satis.

338 3616 474 3676 XV.
558 3617 807 3677 Abakae
857 3624 1101 3676 mortuo
1141 3613 1435 3676 successit
1469 3613 1599 3676 eius
1643 3613 1970 3676 insidiator
2004 3609 2306 3672 Abmedes
2338 3617 2401 3669 et

152 3702 295 3784 ipse
334 3701 497 3762 filius
544 3702 824 3779 Hulacu,
880 3702 986 3763 sed
1037 3701 1153 3761 alia
1199 3711 1390 3762 matre
1432 3711 1642 3775 natus,
1700 3720 1779 3762 ex
1817 3722 1937 3782 qua
1982 3708 2404 3778 praeterquam

154 3789 554 3851 novercalem
580 3789 644 3849 in
693 3789 958 3849 Abakam
990 3789 1257 3850 animum
1299 3787 1541 3849 trahere
1571 3788 1810 3870 potuit,
1853 3788 2034 3848 etiam
2068 3780 2399 3844 instinctus

152 3875 409 3936 videtur
438 3874 513 3933 ad
539 3877 795 3936 eutndem
826 3876 1095 3936 Abakam
1125 3876 1501 3955 perdendum
1534 3875 1680 3936 odio
1719 3873 2095 3936 Christianae
2134 3868 2400 3949 religio-

151 3962 289 4037 nis,
334 3961 512 4022 cuius
544 3964 845 4024 cultorem
874 3965 1059 4023 fuisse
1092 3962 1363 4023 Abakam
1406 3962 1568 4023 clare
1604 3961 1864 4023 affirmat
1892 3954 2398 4037 Abulpbaragius,

152 4049 307 4109 dum
345 4067 482 4109 euin
515 4049 847 4110 celebrasse
868 4051 1095 4113 festum
1128 4048 1393 4110 Paschae
1429 4068 1552 4107 una
1595 4068 1731 4108 cum
1777 4044 2137 4109 Christianis
2163 4041 2397 4105 scribit.

149 4134 341 4197 huius
383 4133 687 4199 Ahmedis,
717 4145 848 4196 acta
887 4136 1269 4220 principatus
1313 4134 1516 4195 omnia
1559 4134 1918 4213 rediguntur
1938 4133 2003 4192 in
2031 4149 2212 4190 unam
2243 4147 2398 4208 pro-

150 4223 347 4284 lixam
388 4221 707 4301 epistoiam
751 4222 819 4282 in
858 4222 1452 4284 commendationem
1497 4219 1790 4282 Alcorani
1828 4230 1890 4280 et
1942 4213 2397 4296 superstitionis

149 4306 594 4372 Hahometicae
634 4308 711 4367 ad
751 4309 1068 4371 Sultanem
1107 4308 1370 4390 Aegypti
1411 4306 1739 4388 scriptam,
1793 4324 1974 4386 quam
2007 4299 2395 4382 Abulpbara-

149 4396 288 4476 gius
326 4394 586 4470 recitat,
641 4394 940 4457 continue
988 4396 1257 4458 reses-ens
1312 4392 1729 4475 indulgentem
1785 4388 2116 4456 Abmedem
2164 4385 2396 4447 dudum
