3084 4850
602 344 754 419 ⁷50
1217 339 1691 412 OBSERVAT.
1732 338 2206 411 neuma.

599 512 724 578 vol.
748 511 778 574 1
802 520 1010 574 noster
1046 510 1207 573 idem
1245 508 1571 573 historicus
1610 531 1670 593 p.
1704 509 1835 578 440
1868 528 1931 573 v.
1958 514 2041 578 10
2081 508 2407 588 docum-at,
2448 506 2669 571 similis
2698 507 2822 570 im-

598 597 960 684 pedimenti,
995 618 1103 660 sex
1129 598 1360 680 pariter
1379 596 1918 677 consanguinitatis
1949 596 2247 678 graduum
2265 640 2286 675 ,
2328 592 2635 658 obstantis
2669 616 2824 656 con-

597 686 791 749 nubio
839 686 998 746 inter
1032 683 1379 746 michaelem
1416 683 1675 747 occidui
1720 691 1955 744 tractus
1997 683 2311 765 despotam
2337 691 2401 744 et
2429 684 2678 742 Anum
2704 681 2818 742 im·

464 778 469 783 ’
596 772 894 856 peratoris
919 769 1225 833 Michaelis
1247 770 1433 831 filiam
1466 769 1874 849 conciliando,
1901 769 2155 850 gratiam
2184 770 2471 844 fecerant,
2518 777 2818 851 poscente

596 859 895 939 Augusto,
939 858 1047 938 qui
1078 867 1228 918 tunc
1256 866 1577 939 praeerant
1600 856 1917 934 ecclesiae,
1959 875 2096 918 cum
2119 865 2322 916 tamen
2348 855 2498 916 adeo
2535 874 2828 937 praesens

594 954 656 1006 et
677 955 987 1027 praestans
1015 944 1248 1005 utilitas
1274 943 1342 1004 in
1377 963 1506 1005 rem
1542 942 1780 1025 imperii
1818 962 1896 1004 ex
1922 944 2041 1004 isto
2066 942 2348 1024 coniugio
2380 961 2508 1002 non
2539 960 2827 1022 sperare-

593 1040 698 1093 tur
723 1051 899 1111 quam
931 1051 1083 1111 quae
1117 1038 1285 1091 certo
1314 1029 1641 1113 apparebat
1670 1049 1751 1091 ex
1779 1027 1902 1090 hoc
1924 1039 2222 1091 uentura.
2304 1028 2598 1089 nimirum
2625 1026 2828 1088 achia-

593 1117 803 1178 matici
830 1135 997 1178 nunc
1039 1124 1314 1196 potentes
1343 1135 1548 1177 rerum
1585 1113 1951 1178 affectabant
1974 1115 2374 1195 religiosiores
2400 1133 2705 1197 apparere
2725 1134 2830 1175 ca·

592 1202 841 1265 tholicis
872 1211 1022 1263 tunc
1052 1210 1112 1261 et
1138 1202 1423 1264 ecclesiae
1455 1212 1516 1263 et
1553 1201 1925 1284 reipublicae
1966 1200 2489 1285 praesidentibna5
2535 1208 2729 1281 atque
2760 1210 2828 1261 ut

593 1287 983 1352 Andronicus
1008 1288 1235 1349 eiurata
1263 1288 1588 1350 concordia
1617 1308 1758 1350 cum
1785 1308 1978 1371 papa,
2038 1309 2222 1370 quam
2252 1288 2381 1348 eius
2410 1296 2590 1370 puter
2615 1296 2828 1347 sancte

596 1375 897 1451 coluerat,
953 1373 1149 1438 videri
1199 1374 1472 1451 studuit,
1528 1373 1646 1435 hac
1686 1375 2104 1457 superstitiosa
2143 1374 2470 1437 omissione
2504 1372 2828 1434 affinitatis

589 1461 943 1524 utilissimae
984 1459 1239 1542 imperio
1279 1471 1538 1543 propter
1577 1472 1808 1523 metum
1845 1460 2124 1539 inanem,
2167 1461 2338 1543 quasi
2377 1460 2511 1523 eius
2541 1459 2827 1541 impedi-

591 1559 860 1610 mentum
888 1548 1183 1608 removeri
1207 1548 1491 1610 ecclesiae
1516 1549 1877 1610 auctoritate
1907 1548 2205 1630 nequiret,
2240 1548 2375 1630 plus
2389 1566 2608 1628 sapere
2641 1565 2828 1626 qnam

588 1634 724 1713 ille,
768 1654 946 1715 quem
975 1634 1330 1696 meminerat
1356 1638 1488 1717 pari
1518 1635 1835 1696 occasione
1879 1635 2229 1717 praesulum
2261 1632 2823 1695 ecclesiasticorum

590 1720 885 1783 auxilium
912 1720 1300 1803 implorasse,
1343 1723 1430 1783 ita
1460 1720 1803 1802 patriarcha
1844 1740 2010 1783 nunc
2037 1723 2254 1783 sedens
2280 1729 2344 1782 et
2375 1721 2508 1781 eius
2540 1739 2820 1781 assesso-

584 1827 684 1869 res
709 1806 1002 1869 antistites
1023 1851 1043 1884 ,
1101 1826 1306 1869 omnes
1343 1806 1656 1869 schismati
1686 1806 2117 1885 addictissimi,
2178 1806 2419 1869 loannis
2449 1805 2673 1882 Vacci,
2717 1804 2821 1886 qni

587 1903 738 1954 tunc
784 1893 860 1953 de
897 1892 1192 1954 sententia
1232 1892 1676 1954 catholicorum
1708 1892 1766 1952 ei
1805 1892 2218 1954 assistentium
2246 1892 2685 1974 episcoporum
2715 1911 2820 1953 ec-

585 1978 924 2039 clesiastica
976 1986 1273 2059 potestate
1313 1980 1696 2041 relaxaverat
1759 1976 2083 2040 vinculum
2127 2001 2163 2041 e
2206 1987 2380 2039 sexto
2432 1976 2820 2057 cognationis

586 2064 781 2143 gradu
818 2073 1019 2126 ortum
1036 2107 1053 2136 ,
1111 2084 1232 2144 quo
1290 2086 1325 2125 a
1384 2066 1521 2128 iure
1568 2062 1989 2137 contrahendi,
2020 2064 2474 2126 matrimonium
2525 2061 2819 2146 despotae

582 2149 843 2212 michael
885 2150 1149 2232 Angelus
1195 2159 1257 2212 et
1300 2151 1478 2214 Anna
1517 2151 1872 2234 Palaeologa
1915 2149 2045 2212 filia
2086 2147 2398 2213 Michaelis
2424 2149 2820 2233 impu-storia

580 2238 972 2316 arcebantur,
1018 2239 1245 2300 factum
1271 2237 1572 2300 damnare*
1592 2240 1861 2301 voluisse
1877 2286 1897 2317 ,
1947 2238 2115 2301 ultro
2144 2238 2391 2301 fatendo
2418 2237 2729 2299 excedere
2751 2235 2814 2296 id

578 2324 710 2387 vim
735 2323 1160 2407 patriarchalis
1193 2326 1591 2388 auctoritatis.
1676 2325 2069 2409 permittebat
2099 2334 2299 2388 antem
2324 2325 2498 2402 deus,
2542 2324 2656 2404 qui
2687 2342 2815 2386 non

578 2431 722 2473 raro
767 2409 1050 2473 factiosos
1098 2419 1312 2502 contra
1356 2411 1670 2475 ecclesiam
1713 2411 2132 2494 conspirantes
2181 2412 2409 2474 mutuis
2457 2412 2630 2474 inter
2687 2430 2817 2474 sese

579 2491 983 2559 simultatibus
1015 2498 1378 2575 committit,
1434 2520 1564 2581 sese
1606 2499 1760 2561 istos
1790 2499 1962 2561 vanis
2005 2497 2177 2562 hisce
2201 2499 2511 2582 scrupulis
2543 2498 2815 2561 invicem

368 2592 412 2647 Ρ
447 2592 549 2650 537
583 2583 890 2645 infestare.
978 2603 1115 2643 nam
1155 2584 1337 2664 paulo
1380 2585 1661 2665 superius
1705 2605 1758 2645 c.
1784 2589 1830 2652 8
1872 2583 2272 2666 Pachymerea
2321 2586 2514 2647 refert
2546 2587 2814 2668 patriar·

580 2669 756 2731 cham
799 2678 862 2731 et
925 2668 1242 2751 episcopos
1287 2673 1625 2753 praefracte
1677 2690 1921 2751 negasse
1976 2670 2327 2732 Andronico
2377 2672 2815 2734 instantissime

583 2756 781 2817 oranti
809 2756 1305 2817 constitutionem
1337 2757 1807 2820 ecclesiasticam
1838 2777 1956 2837 qua
1982 2756 2097 2817 sub
2131 2756 2633 2819 interminatione
2664 2779 2812 2819 nna-

580 2842 863 2904 themstis
912 2862 1120 2904 omnes
1164 2842 1417 2924 imperio
1453 2843 1685 2906 subditi
1721 2843 2080 2905 iuberentur
2100 2841 2385 2904 nichacii
2416 2844 2660 2906 iuniori
2689 2847 2810 2906 Au-

580 2938 756 3010 gusto
801 2927 982 2991 fidem
1032 2939 1092 2990 et
1132 2929 1530 2993 obedientiam
1583 2940 1919 3013 praestare,
1980 2929 2155 3012 quasi
2206 2939 2364 2992 esset
2412 2929 2486 2991 ab
2520 2931 2816 2993 ecclesiae

579 3024 852 3077 materna
881 3015 1126 3078 lenitate
1154 3015 1419 3079 alienum
1458 3018 1612 3080 diris
1647 3018 1713 3078 in
1741 3016 2084 3101 perduelles
2117 3016 2386 3097 saevire5
2432 3026 2496 3078 et
2533 3017 2720 3079 istius
2750 3017 2816 3079 in

581 3102 876 3164 ultionem
926 3101 1204 3184 repulsae
1244 3105 1661 3167 Andronicum
1693 3105 1953 3166 eundem
1997 3103 2315 3165 Novellom
2347 3103 2649 3182 edidisse,
2695 3125 2817 3187 qua

579 3187 960 3268 largitionem
994 3187 1409 3271 sportularum
1452 3192 1516 3254 in
1550 3193 1977 3275 episcoporum
2014 3190 2503 3252 ordinationibus
2527 3192 2817 3253 usitatam

581 3293 659 3334 ex
700 3274 878 3353 longo
930 3275 1449 3359 Constantinopoli
1496 3289 1568 3341 ut
1594 3279 1999 3340 Simoniacam
2042 3276 2368 3341 damnabat
2416 3287 2478 3339 et
2520 3276 2818 3361 deinceps

579 3357 851 3419 adhiberi
884 3359 1265 3441 prohibebat,
1311 3364 1573 3427 vicissim
1607 3386 1787 3427 urens
1820 3374 2143 3449 praetextu
2164 3364 2444 3446 quaesito
2474 3383 2581 3426 eos
2613 3366 2730 3447 qui
2751 3385 2817 3428 se

579 3445 772 3506 nihilo
807 3446 1193 3525 probabiliori
1229 3448 1483 3513 obtentu
1509 3461 1915 3534 pupugerant.

751 3533 846 3591 Ad
879 3533 1243 3593 adstruenda
1273 3557 1431 3616 quae
1466 3540 1648 3599 modo
1674 3539 1828 3617 dixi,
1870 3537 2180 3621 pertinere
2205 3545 2360 3619 puto
2390 3544 2604 3598 notam
2641 3559 2814 3600 mar·

577 3616 837 3697 ginalem
865 3640 899 3678 a
932 3619 1154 3680 lectore
1190 3622 1422 3684 Graeco
1447 3645 1632 3686 manu
1665 3624 2095 3705 satis-antiquo
2125 3623 2190 3683 in
2214 3644 2324 3684 ora
2350 3623 2672 3686 Bar-herini
2699 3647 2815 3687 co-

579 3704 733 3765 dicis
774 3705 1069 3785 positam,
1117 3724 1149 3765 e
1185 3709 1424 3785 regione
1453 3711 1784 3792 siquidem
1814 3712 2066 3772 illorum
2114 3710 2442 3771 verborum
2490 3706 2646 3775 ὅστε
2699 3709 2813 3778 ro⁸sv

575 3789 716 3856 νέον
756 3790 1003 3873 βασιλέα
1039 3790 1315 3877 γαμβρόν
1368 3795 1569 3885 ἐκείνῃ
1609 3795 1899 3882 γενέσθαι
1940 3798 2031 3858 sic
2067 3795 2152 3857 ibi
2193 3797 2519 3859 scribitur:
2577 3798 2693 3862 ἵνα
2725 3794 2811 3882 μή

573 3882 821 3941 τοιαῦτα
858 3878 962 3942 καὶ
1002 3869 1193 3953 αὖθις
1233 3884 1562 3963 συμβαίνοι
1583 3929 1600 3961 ,
1646 3881 1682 3949 ὅ
1720 3888 1833 3966 τῆς
1853 3879 2083 3967 Ῥώμης
2110 3877 2424 3967 ἆρχιερειῗς
2449 3879 2526 3948 τὰ
2547 3891 2811 3950 τοιαῦτα

573 3970 935 4046 παραχωρεῖ.
1019 3983 1202 4044 quae,
1245 3969 1495 4047 opinor,
1539 3969 1882 4050 significant
1911 3972 2142 4032 cavisse
2168 3971 2332 4049 illos,
2384 3972 2492 4053 qui
2517 3973 2811 4033 ecclesiae

577 4069 743 4110 nunc
771 4061 1116 4130 praeerant,
1160 4071 1237 4110 ne
1268 4053 1493 4117 imitari
1518 4057 1877 4119 viderentur
1901 4057 2252 4139 exemplum
2275 4078 2310 4117 a
2344 4058 2545 4120 Vecco
2577 4068 2642 4120 et
2671 4058 2806 4119 aliis

581 4135 877 4217 episcopis
908 4137 1152 4197 Graecia
1180 4139 1479 4204 Romanae
1506 4145 1954 4206 communionis
1982 4144 2049 4205 in
2081 4144 2195 4205 illo
2221 4144 2635 4227 permittendo
2663 4164 2805 4204 con-

581 4220 807 4297 nubio,
864 4221 941 4282 de
982 4243 1100 4302 quo
1137 4224 1262 4283 vol.
1305 4225 1334 4287 1
1369 4247 1428 4308 p.
1470 4229 1601 4296 440
1637 4250 1697 4292 v.
1738 4235 1820 4300 10
1877 4241 2083 4293 actum
2130 4232 2364 4307 suerat,
2439 4231 2801 4316 praebitum.

582 4325 823 4365 causam
864 4326 1011 4368 vero
1058 4328 1173 4370 cur
1215 4309 1277 4370 id
1321 4311 1641 4393 diligenter
1681 4317 2045 4398 vitaverint,
2103 4318 2458 4401 exprimunt
2490 4318 2678 4381 verba
2702 4333 2802 4374 se-

582 4391 861 4473 quem-3⁸⁸
897 4389 940 4456 ὅ
972 4395 1086 4475 ’ἧς
1121 4392 1364 4481 ‘Pdeme
1394 4392 1715 4488 ἆαωριῦς
1759 4408 2014 4471 τοιαῦτα
2047 4412 2433 4492 παραχωρεῖ,
2472 4405 2802 4467 Rea-mas
