3084 4850
829 419 994 491 un.
1040 418 1098 491 l.
1143 454 1145 457 v
1202 415 1766 489 GLossannm.
2272 416 2420 492 671

19 646 22 677 ,Ι
156 589 439 676 apicatoa
468 589 823 671 dignitatem
842 633 864 667 ,
902 596 1330 673 praeterquam
1363 586 1641 649 indicant
1673 606 1830 668 quae
1870 584 2023 649 aliaa
2053 582 2265 647 notavi
2294 583 2432 647 Ob-

157 678 617 742 aervationibua
646 678 772 742 vol.
805 677 836 738 1
868 697 931 759 p.
961 680 1112 753 638,
1142 676 1324 739 etiam
1355 675 1618 737 adstruit
1644 674 1862 735 codini
1887 674 2061 737 locus
2087 673 2163 734 de
2191 672 2433 735 Officiia

161 787 224 830 c.
260 772 295 833 1
343 765 412 826 in
456 776 632 825 aexta
657 763 953 838 Pentade,
996 763 1105 825 ubi
1141 783 1324 844 agene
1358 763 1435 823 de
1473 761 1961 823 ordinationibus
2001 761 2431 842 episcoporum

158 851 370 915 nolitia
408 871 442 912 a
474 849 826 933 patriarcha
859 851 1151 913 celebrari
1189 848 1297 934 (id
1325 851 1489 911 enim
1518 849 1799 911 indicant
1839 848 1941 908 illa
1971 848 2101 913 eiua
2127 848 2313 907 verba
2340 847 2434 925 εἷς

19 912 22 943 ἶ
154 936 281 1015 ταὶς
310 938 708 1020 χειροτονίας,
741 938 1111 1022 explicantia
1144 937 1294 1020 quid
1326 937 1566 1018 primus
1597 946 1656 998 et
1679 935 1982 997 secundua
2013 934 2246 996 ostiarii
2275 955 2433 1015 pro·

155 1026 295 1111 prii
325 1025 439 1086 sibi
470 1025 727 1106 quiaque
755 1024 1074 1086 miniaterii
1106 1034 1343 1104 gereret
1371 1024 1438 1085 in
1466 1045 1537 1086 ea
1568 1022 1946 1102 ceremonia)
1987 1022 2079 1083 aic
2111 1020 2356 1081 scribit:
2401 1018 2437 1087 ὃ

19 1108 20 1203 J
153 1115 418 1196 πρᾶτος
451 1106 768 1194 ὄστιᾶριος
810 1116 1053 1195 κρατῶν
1089 1106 1204 1187 τοὶς
1230 1104 1439 1193 θύρας
1466 1153 1486 1174 .
1517 1156 1534 1172 .
1564 1150 1585 1173 .
1617 1152 1634 1172 .
1681 1107 1720 1176 ὖ
1750 1105 2037 1192 δεύτερος
2073 1111 2320 1190 κρατῶν
2357 1102 2431 1174 td

156 1194 682 1285 μονοβᾶμβυλονε
711 1198 943 1281 primua
965 1198 1261 1261 videlicet
1287 1198 1575 1259 ostiarius
1602 1197 1852 1258 interim
1882 1196 2038 1259 dum.
2061 1192 2434 1277 patriarcba,

159 1295 282 1348 aut
308 1285 413 1345 alii
440 1285 566 1346 eiua
598 1305 888 1347 conceaau
915 1285 1220 1368 episcopi,
1262 1304 1494 1346 novum
1530 1284 1889 1367 episcopum
1917 1282 2078 1346 intra
2116 1282 2435 1365 preabyte-

158 1373 337 1436 rium
362 1371 496 1432 aive
519 1372 694 1454 βῆμα
730 1381 1193 1449 consecrarent,
1237 1372 1403 1434 forea
1427 1372 1630 1434 soleae
1652 1392 1838 1433 manu
1872 1370 2152 1448 tenebat,
2193 1378 2268 1429 ut
2305 1377 2437 1429 ata-

157 1460 286 1522 tim
334 1478 439 1521 eaa
473 1457 774 1543 panderet
804 1468 991 1541 atque
1036 1460 1305 1542 perfecta
1349 1460 1522 1520 intua
1560 1458 1755 1519 aolitia
1790 1458 2011 1520 ritibua
2050 1455 2437 1537 inauguratio

161 1545 416 1613 sniaaet.
500 1554 653 1628 tuns:
681 1545 841 1607 enim
877 1545 1138 1628 produci
1181 1566 1381 1607 novus
1412 1545 1664 1606 antiatea
1692 1554 1754 1606 et
1786 1544 2024 1607 oatendi
2055 1543 2287 1626 populo
2319 1543 2435 1604 de-

157 1633 374 1695 Eeb-t.
461 1633 605 1714 quia
638 1652 785 1695 vero
822 1633 1069 1716 prodire
1096 1633 1150 1693 ia
1170 1631 1407 1693 bemate
1434 1631 1694 1693 debebat
1726 1632 1976 1714 praevia
2015 1629 2314 1714 lampade,
2353 1627 2433 1691 ad

167 1722 337 1782 hanc
357 1717 454 1780 illi
480 1720 942 1802 praeferendam
967 1718 1268 1781 aecundua
1295 1719 1583 1781 ostiarius
1614 1719 1928 1780 accinctus
1948 1719 2169 1796 atabat,
2189 1721 2437 1801 κρατῶν

163 1804 241 1875 εδ
270 1800 720 1890 μουᾶμπουλον
750 1807 848 1869 vel
874 1817 947 1868 ut
969 1806 1087 1867 alia
1121 1815 1213 1867 eat
1238 1805 1443 1884 lectio,
1481 1802 1555 1872 ro*
1587 1802 2086 1890 μονοβᾶμβυλον,
2123 1825 2308 1865 manu
2340 1814 2433 1866 te-
2468 1801 2514 1860 P
2547 1801 2647 1861 471

159 1914 329 1957 nena
361 1902 670 1974 geatamen
700 1894 801 1957 cui
828 1904 960 1955 erat
988 1893 1217 1955 ineerta
1240 1893 1479 1976 lampaa
1506 1913 1651 1955 una.
1739 1913 1881 1955 nam
1914 1888 2357 1976 μονάμπουλον
2398 1911 2435 1952 a

167 1976 334 2065 τιὸνη
360 1977 702 2062 &pauonum
790 1982 940 2063 quid
972 1980 1051 2042 ait
1076 1989 1282 2042 autem
1316 1977 1639 2064 ἅμπουλλα
1665 1981 1893 2044 docent
1923 1980 2088 2043 Aetii
2118 1979 2303 2041 verba
2327 1979 2437 2041 illa

169 2076 210 2132 ξ.
246 2075 294 2138 7
312 2092 330 2129 =
391 2063 753 2152 ἔμπουλλαν
788 2065 1043 2152 ὖελίνην
1086 2061 1330 2147 πλήσας
1361 2068 1572 2134 Belou
1612 2069 1965 2151 ampullam
2010 2069 2274 2128 vitream
2326 2066 2439 2127 ubi

161 2157 503 2237 repleveris
535 2156 688 2218 oleo.
774 2165 867 2217 eat
892 2176 1036 2236 ergo
1075 2151 1400 2237 ἅμπουλλα
1426 2158 1712 2237 lampae,
1754 2164 1817 2216 et
1856 2148 2300 2237 μονάμπουλον
2338 2154 2439 2214 in-

159 2252 588 2305 strumentum
630 2243 925 2327 portatile
977 2241 1077 2302 cui
1122 2251 1278 2302 eaaet
1326 2260 1449 2302 una
1489 2241 1724 2322 lampas
1771 2241 1988 2304 indita.
2073 2259 2291 2302 verum
2329 2238 2442 2300 ubi

164 2328 536 2414 patriarcba
598 2327 1312 2407 Conatantinopolitanua
1372 2327 1885 2407 inaugurabatur,
1957 2324 2109 2387 aatia
2162 2326 2440 2408 prudena

163 2414 384 2497 quivia
418 2414 707 2495 intelligit
733 2413 958 2495 aliquid
989 2413 1079 2473 illi
1120 2412 1434 2496 praecipui
1466 2412 1721 2477 bonoria
1750 2434 1936 2496 aupra
1975 2412 2295 2497 episcopoa
2321 2411 2441 2474 ba-

161 2500 304 2565 beai
335 2501 641 2563 debuisse.
726 2501 1019 2562 nimirum
1055 2499 1206 2562 huic
1241 2503 1573 2582 prodeunti
1606 2501 1688 2563 ad
1716 2502 2016 2585 populum
2049 2522 2173 2563 non
2202 2496 2446 2586 μονάμ-

161 2592 418 2656 πουλον
454 2597 564 2649 aut
591 2581 1069 2671 μονοβᾶμβυλον
1098 2587 1571 2670 praeferebatur,
1616 2589 1725 2651 aed
1756 2588 1922 2669 quod
1954 2599 2167 2651 noater
2193 2588 2297 2650 bic
2326 2587 2443 2650 do·

163 2686 275 2739 oet
303 2684 531 2737 auctor
558 2668 1003 2761 ὄιβᾶμβουλον.
1088 2675 1166 2736 de
1192 2676 1312 2737 hoc
1339 2676 1645 2739 vocabulo
1674 2677 1824 2759 quid
1850 2697 1967 2738 noa
1998 2676 2213 2737 doceat
2242 2675 2444 2737 Codi-

162 2785 315 2842 nna,
358 2761 694 2825 videamua.
776 2763 834 2824 ia
864 2763 1026 2825 libro
1054 2762 1132 2824 de
1159 2762 1482 2828 Officii-«e.
1517 2769 1602 2831 10
1630 2764 1708 2826 de
1737 2765 1909 2826 seatia
1929 2808 1947 2841 ,
1991 2762 2139 2824 dum
2170 2762 2444 2845 explicat

166 2850 496 2935 quomodo
525 2869 750 2934 pompa
781 2850 1188 2913 inatrueretur
1208 2873 1325 2933 qua
1348 2850 1684 2935 imperator
1712 2852 1788 2913 ad
1813 2849 2244 2913 celebrandum
2266 2848 2443 2910 cha-i·

165 2938 251 3002 ati
282 2937 495 2999 natale
520 2937 734 2999 venire
763 2937 1127 3020 admittique
1154 2939 1221 3000 in
1251 2938 1571 3000 ecclesiam
1599 2938 1852 3006 alebat,
1899 2937 1986 2999 ait
2012 2946 2293 3018 paratum
2322 2935 2442 2997 ad-

165 3023 410 3085 atitiaae
470 3023 946 3104 lampada-iam
990 3046 1132 3086 cum
1174 3022 1535 3100 dibambulo
1576 3046 1770 3086 aureo
1816 3025 1882 3085 in
1932 3043 2149 3089 manu.
2249 3022 2439 3086 verba

166 3119 323 3174 aunt
346 3109 601 3170 codini:
644 3106 1068 3194 λαμπαδοῖριος
1091 3116 1334 3195 κρατῶν
1360 3107 1431 3176 ω’
1461 3116 1734 3194 χρυσοῦν
1760 3105 2203 3193 διβοὶμβουλον.
2290 3108 2443 3190 quid

167 3199 263 3260 ita
290 3217 469 3275 veru,
501 3195 616 3256 nisi
646 3197 786 3277 quia
812 3196 978 3259 bunc
1005 3199 1242 3281 praeire
1264 3198 1584 3280 oportebat
1612 3218 1972 3281 proceaauro
2000 3217 2111 3278 per
2139 3197 2441 3280 templum

172 3283 508 3367 Auguatoil
554 3284 795 3365 quodsi,
826 3295 899 3345 ut
924 3285 1215 3363 vidimus,
1245 3280 1760 3369 μονοβοὶμβουλον
1787 3295 2092 3365 gestamen
2126 3293 2253 3355 erat
2282 3285 2442 3346 lam-

171 3372 401 3457 padem
433 3370 678 3433 unicam
705 3371 996 3433 insertam
1027 3370 1257 3433 habena
1276 3419 1299 3452 ,
1343 3372 1495 3454 quid
1522 3382 1713 3435 restat
1748 3373 1869 3434 niai
1911 3382 1981 3434 ut
2018 3368 2445 3457 ὄιβᾶμβουλον

171 3457 598 3539 intelligamua
644 3469 751 3520 aut
788 3460 1105 3520 lucernam
1146 3458 1333 3520 suiaae
1377 3459 1754 3539 bilychnem,
1800 3460 1996 3543 qualia
2024 3461 2301 3522 meminit
2329 3461 2447 3523 Pe-

174 3547 432 3607 troniua
459 3545 525 3604 in
558 3565 760 3629 nuper
783 3545 952 3608 edito
983 3547 1324 3622 fragmento
1352 3547 1773 3629 Tragurienai,
1820 3557 1928 3610 aut
1966 3547 2448 3611 instrumentum

176 3631 354 3693 aliud
399 3630 659 3694 bifidum
699 3633 767 3694 in
798 3633 1039 3696 duobua
1079 3630 1229 3693 hinc
1258 3632 1406 3696 inde
1448 3634 1752 3717 protenaia
1786 3635 1972 3699 ramia
2000 3635 2265 3715 geminae
2294 3634 2449 3695 lam-

176 3716 373 3802 padea
402 3718 686 3782 ardentes
713 3719 964 3782 habena.
1047 3740 1194 3781 aane
1222 3723 1740 3805 opportuniaaime
1767 3723 1847 3785 ad
1888 3720 2051 3784 banc
2074 3744 2201 3784 rem
2231 3722 2447 3782 admo-

177 3813 292 3868 net
326 3804 604 3866 Balaamo
649 3806 1044 3889 imperatori,
1088 3809 1340 3889 quando
1383 3809 1448 3871 in
1490 3809 1979 3873 solemnitatibua
2019 3807 2337 3871 accedebat
2365 3805 2449 3869 ad

182 3890 543 3969 eccleaiam,
589 3892 900 3974 duplicem
928 3895 1272 3977 lampadem
1347 3898 1602 3960 neser-ri
1634 3897 2058 3975 consueviaa03
2104 3894 2451 3956 miniati-um

183 3997 434 4061 quoque
463 3986 823 4059 geatatorem
852 3982 981 4044 eiua
1010 3980 1274 4064 duplicia
1301 3918 1601 4067 ssmpadia
1633 3982 2110 4067 lampada-ium
2148 3991 2456 4044 vocatum·

183 4065 380 4147 igitur
424 4063 596 4146 quod
627 4066 860 4130 Codino
908 4067 1346 4131 dibambulum
1379 4092 1643 4133 aureum
1685 4072 1950 4146 dicitur,
1993 4087 2105 4129 vaa
2144 4076 2238 4128 eat
2274 4068 2451 4129 iuxta

182 4151 612 4215 Balaamonem
656 4155 889 4233 gemina
932 4156 1217 4240 lampade
1250 4159 1507 4240 inaigne.
1598 4176 1789 4240 quara
1813 4155 1911 4218 bia
1943 4153 2294 4217 auctoribus
2322 4175 2454 4217 non

185 4259 335 4301 aane
370 4239 495 4301 iam
535 4240 872 4304 reformido
903 4244 1046 4306 salai
1075 4245 1272 4307 dicam
1309 4246 1648 4329 impingere
1677 4243 1894 4304 Latino
1918 4239 2300 4322 Pbrantzae,
2352 4241 2454 4303 da·-

189 4325 492 4390 bumbula
521 4345 636 4409 per
664 4330 905 4389 atrium
944 4333 1297 4416 exponenti.
1385 4332 1621 4394 utinam
1651 4331 1830 4413 copia
1870 4328 2240 4412 inapiciendi
2274 4331 2455 4392 dare-

193 4422 291 4476 tm·
332 4413 656 4496 archetypi
699 4424 1050 4481 contextus.
1138 4419 1406 4501 quaesivi
1455 4418 1564 4480 diu
1616 4429 1681 4479 et
1722 4415 1987 4495 solicite,
2042 4417 2153 4478 aed
2196 4417 2449 4479 frustra.

192 4500 428 4565 confido
459 4511 667 4566 tamen
699 4501 770 4565 in
800 4502 1029 4579 Graeca
1045 4551 1066 4589 ,
1109 4509 1163 4571 ai
1190 4505 1433 4592 uspiam
1460 4513 1650 4585 extet,
1692 4504 1972 4568 oratione
1998 4504 2237 4567 nullam
2261 4523 2449 4590 prer-
