3084 4850
14 1774 27 2161 -ῇ--ι-υ-ιι
17 1654 27 1687 -ι

695 427 859 501 Lm.
908 426 1026 502 111.
1131 426 1887 502 OERONOLOGIGUS.
1913 450 1920 459 ·
2280 430 2432 504 805

157 602 341 666 tium
373 619 562 683 auper
590 597 853 680 Scythae
873 595 1214 677 Aaiaticoa,
1272 598 1352 660 ad
1380 607 1652 661 montem
1677 598 1912 661 Imaum
1932 643 1952 678 ,
1995 598 2149 661 adeo
2177 608 2250 662 ut
2273 599 2436 682 qui-

158 690 325 752 dam
368 688 644 750 acribant
682 686 839 748 duoa
871 695 932 747 et
960 681 1343 769 aeptuaginta
1381 706 1556 768 regea
1587 686 1738 770 ipaia
1767 685 2096 767 aliquando
2123 688 2306 749 suiaae
2332 707 2438 751 ve-

160 774 451 856 ctigales.
535 771 943 834 Cbriatianam
975 784 1172 837 autem
1203 774 1597 853 religionem,
1643 774 1750 835 aed
1786 775 1964 835 iuxta
1991 774 2256 836 Neatorii
2280 774 2437 838 hae-

157 865 399 938 mim,
448 858 765 938 colebant,
811 881 1180 942 crucemque
1210 862 1276 921 iu
1302 860 1480 922 belli·
1510 881 1660 943 prae
1698 880 1766 922 ae
1793 856 2102 944 duplicem
2136 861 2435 942 serebant,

158 951 437 1010 alten-am
479 967 720 1009 auream
771 948 1022 1009 alteram
1064 969 1416 1026 gemmeam.
1516 946 1667 1008 huic
1715 947 1976 1032 imperio
2023 946 2130 1029 qui
2181 947 2441 1011 ultimus

156 1035 487 1120 praefuit,
527 1045 597 1095 ut
633 1034 818 1096 docet
849 1035 1339 1116 Abulpharagiua
1361 1082 1382 1114 ‚
1426 1045 1672 1117 praeter
1696 1038 2022 1096 commune
2055 1034 2296 1096 Ioannia
2321 1056 2439 1097 uo.

158 1143 318 1185 men
351 1121 603 1204 proprie
647 1122 789 1205 Ung
832 1122 1013 1183 Chae·
1042 1133 1332 1198 vocatus,
1376 1142 1519 1182 cum
1568 1122 1876 1205 quendam
1905 1123 2294 1183 'l'amuiiuum
2326 1143 2440 1183 uo-

159 1210 381 1285 miue,
425 1230 545 1289 quo
576 1210 777 1270 suerat
806 1229 951 1271 uaua
986 1210 1132 1281 diu,
1179 1211 1244 1271 in
1270 1209 1450 1270 bellis
1482 1209 1874 1292 praeaertim,
1928 1212 2181 1274 atre‘nuo
2208 1220 2270 1270 et
2294 1210 2439 1270 seli-

160 1296 429 1357 ciaaimo
461 1296 742 1358 miniatro
759 1345 777 1373 ,
824 1297 1144 1358 calumniis
1172 1297 1551 1363 aemulorum
1572 1297 1841 1359 invitum
1864 1295 1981 1357 aibi
2010 1298 2236 1357 sactum
2263 1317 2437 1358 coin-

162 1382 567 1467 prehcndere
595 1383 1044 1464 aggrederetur,
1086 1383 1160 1443 ab
1190 1405 1263 1445 eo
1302 1382 1635 1446 fortissime
1658 1392 2043 1467 repugnante
2071 1383 2277 1444 victua
2307 1384 2440 1466 ipae

162 1470 548 1550 occisusque
590 1481 703 1532 eat.
790 1491 913 1551 quo
959 1482 1236 1554 tempore
1275 1470 1526 1552 quidam
1561 1471 1726 1533 inter
1763 1470 2143 1552 Mogulenaea
2183 1489 2438 1551 magnae

164 1557 566 1619 auctoritatis
586 1604 606 1635 ‚
660 1559 1016 1640 apparuiaae
1066 1559 1183 1620 aibi
1215 1557 1401 1620 deum
1443 1557 1782 1632 affirmante,
1829 1568 1893 1619 et
1924 1556 2265 1621 declaraaae
2306 1559 2436 1618 ele-

166 1654 356 1706 ctum
384 1665 418 1702 a
456 1664 521 1705 ae
562 1642 955 1715 Tamuiinunu
1004 1644 1071 1704 in
1108 1666 1291 1727 quem
1342 1646 1508 1707 orbia
1541 1654 1848 1708 ten-arum
1890 1644 2212 1727 imperium
2253 1653 2439 1726 atque

167 1732 245 1792 in
277 1731 410 1792 eiua
442 1741 720 1812 poateroa
741 1732 1075 1793 transferre
1121 1733 1525 1811 decrevisset,
1568 1731 1914 1795 univeraam
1953 1727 2050 1794 illi
2079 1730 2438 1796 conciliavit

164 1818 599 1899 Unguliorum
647 1828 922 1898 gentem3
967 1818 1144 1880 cuiue
1186 1839 1494 1880 consenum
1546 1828 1783 1881 creatu·
1823 1818 2206 1901 imperator,
2252 1839 2289 1879 a
2317 1818 2436 1891 deu

162 1905 354 1989 ipao,
393 1913 469 1965 ut
506 1905 612 1966 ille
641 1925 822 1986 quem
870 1903 1004 1969 dixi
1048 1907 1353 1968 fanaticua
1404 1906 1634 1984 aiebat,
1689 1904 2051 1988 impositum
2095 1905 2218 1989 ipai
2247 1927 2431 1967 acce-
2461 1907 2510 1966 P
2545 1907 2653 1966 584

162 1993 274 2077 pit
325 1991 782 2074 Gingimhanie
825 2013 1070 2054 nomen.
1155 1993 1452 2056 hacteuus
1515 1992 2047 2076 Abulpharagiua‚
2122 1992 2224 2055 cui
2288 1994 2438 2060 aatia

166 2090 589 2142 conaentanee
614 2089 825 2147 noster
848 2078 1257 2162 Pachymerea
1285 2081 1494 2165 priore
1523 2093 1691 2142 tomo
1722 2101 1779 2142 c.
1822 2079 1866 2146 4
1892 2080 1934 2140 l.
1965 2081 2007 2148 5
2029 2079 2436 2161 legislatorem

166 2167 641 2245 Tocharorum,
687 2167 793 2247 qui
833 2189 901 2229 ae
942 2165 1063 2251 ipai
1088 2167 1415 2248 ,Ungulioa
1461 2167 1815 2244 nominant,
1881 2187 2109 2227 nomen
2153 2164 2438 2230 habuiaae

178 2257 617 2315 :lkinciaecanie
643 2254 894 2334 aeaerit,
943 2252 1174 2314 addena
1210 2275 1351 2326 eum
1381 2272 1459 2317 ex
1494 2253 1671 2315 fabro
1714 2252 1971 2313 ferrario
1998 2251 2079 2313 ad
2101 2251 2437 2335 imperinm

167 2351 486 2402 evectum.
571 2350 707 2400 tum
739 2359 949 2401 eorum
996 2338 1278 2400 inatituta
1304 2359 1506 2409 morea
1533 2347 1598 2399 et
1626 2347 1760 2399 acta
1793 2339 1927 2399 fuse
1960 2350 2290 2417 memorat,
2334 2360 2438 2401 ae-

168 2428 318 2489 dem
355 2427 538 2487 etiam
565 2427 710 2486 novi
742 2424 926 2486 huiua
970 2425 1213 2508 imperii
1258 2425 1574 2505 iudicaria,
1622 2427 1836 2488 Portae
1866 2425 2109 2508 Caspiae
2130 2469 2150 2504 ,
2194 2427 2301 2511 qui
2327 2428 2438 2490 lo-

170 2534 293 2575 cua
320 2514 388 2574 in
419 2513 652 2573 Mediae
687 2533 760 2573 ac
788 2511 1066 2600 Parthiae
1091 2513 1375 2575 confiniis
1407 2515 1562 2586 aitua
1592 2523 1704 2577 eat.

357 2600 467 2660 ΙΙΙ.
557 2600 761 2680 Pergit
828 2599 1351 2682 Abulpharogiua,
1420 2603 1691 2665 reserem
1760 2621 1921 2663 anno
1977 2600 2236 2683 Hegirae
2302 2603 2433 2668 600

169 2696 425 2770 captam
471 2708 506 2746 a
544 2687 778 2747 Latini·
820 2688 1430 2772 Constantinopolim.
1532 2698 1628 2751 eat
1670 2709 1869 2751 annua
1902 2689 2160 2771 Hegirae
2208 2693 2337 2755 600
2366 2689 2434 2749 in
2536 2717 2539 2720 ¹

173 2795 322 2835 aera
353 2773 585 2836 Christi
620 2779 805 2854 1203,
849 2775 960 2839 aad
986 2796 1024 2834 a
1050 2774 1151 2845 die
1177 2777 1501 2837 dumtaxat
1531 2777 1768 2838 decima
1800 2777 2022 2842 menaia
2052 2774 2430 2857 Septembris}

172 2861 437 2940 Iuliani,
481 2882 661 2941 quam
695 2863 761 2924 in
793 2862 956 2931 diem
995 2863 1307 2924 neomenia
1333 2862 1682 2941 Muharram
1730 2864 1914 2946 primi
1957 2862 2224 2926 Arabum
2253 2881 2432 2921 men-

172 2949 263 3010 aia
299 2947 548 3011 incidit.
633 2969 772 3014 cum
806 2960 1006 3011 autem
1048 2970 1162 3012 noa
1215 2950 1836 3013 demonstraverimus
1893 2961 2063 3012 tomo
2112 2948 2433 3030 superiore

173 3045 552 3117 occupatam
580 3055 616 3094 a
660 3035 891 3099 Latinio
917 3037 1513 3119 Conatantinopolim
1558 3038 1741 3098 suine
1771 3036 1871 3100 die
1907 3043 1991 3105 12
2023 3035 2255 3118 Aprilia
2280 3034 2433 3096 anni

173 3120 417 3182 Christi
448 3124 640 3199 1203,
667 3142 799 3184 eam
835 3123 1127 3207 epocham
1165 3135 1329 3186 retro
1366 3122 1610 3185 trahere
1652 3124 1884 3203 aliquot
1913 3121 2220 3184 mensibus
2264 3120 2433 3201 cogi·

172 3228 358 3284 mur,
402 3216 465 3268 et
490 3206 570 3266 ad
600 3209 1044 3288 quadr-imeatre
1074 3211 1359 3273 ultimum
1385 3210 1527 3271 unni
1560 3209 1818 3290 Hegirae
1842 3207 1970 3276 599
1996 3209 2276 3274 conferre
2295 3251 2316 3285 ,
2353 3216 2434 3270 ‘ut

174 3313 439 3376 magnae
465 3292 610 3354 illae
650 3298 1081 3359 converaionea
1109 3296 1299 3374 duae,
1352 3297 1592 3380 imperii
1625 3319 1659 3357 a
1685 3293 2317 3372 Praesteiannenaibua
2346 3294 2432 3359 ad

176 3380 488 3463 Ungulioa
521 3381 798 3442 translati
820 3393 882 3444 et
913 3383 1196 3445 mdactae
1221 3384 1289 3445 in
1321 3385 1678 3449 Latinorum
1704 3391 2065 3467 potestatem
2098 3391 2430 3462 metropo-

174 3468 260 3530 lia
314 3469 561 3550 imperii
606 3469 1014 3552 Graecorum,
1077 3469 1146 3531 in
1206 3491 1400 3533 unum
1457 3473 1836 3553 eundemque
1887 3490 2063 3538 aerae
2108 3466 2428 3550 Arabicae,

176 3576 367 3639 quam
400 3558 678 3638 Hegirae
705 3566 967 3636 vocant,
1010 3577 1238 3634 aunum
1289 3557 1964 3624 undeaexcenteaimum
2008 3555 2428 3621 convenerint·

176 3663 346 3705 auno
372 3641 517 3703 inde
540 3648 670 3711 606
697 3644 981 3724 Regiae,
1026 3645 1131 3724 qui
1162 3645 1303 3705 iniit
1342 3651 1384 3714 6
1419 3647 1562 3708 lulii
1593 3645 1736 3706 anni
1777 3643 1919 3706 chr.
1951 3650 2140 3725 1209,
2169 3644 2430 3723 Gingiz-

178 3730 412 3791 thanes
443 3729 700 3811 imperio
729 3753 845 3794 auo
868 3730 1188 3800 subiunxit
1211 3734 1489 3814 regiones
1510 3732 1936 3795 Can-acathaiae
1951 3777 1969 3810 ,
2012 3752 2168 3813 quae
2193 3730 2431 3792 viden-

179 3825 291 3877 tur
320 3815 715 3879 Tartarorum
752 3818 990 3884 Sinenai
1013 3838 1205 3900 regno
1232 3821 1592 3885 confinium.
1677 3841 1835 3881 anno
1865 3819 2015 3901 Heg.
2044 3823 2194 3896 610,
2248 3816 2429 3879 cuim

178 3909 279 3963 eat
300 3900 545 3962 initium
574 3922 610 3961 a
635 3904 778 3967 Maii
806 3910 893 3974 23
924 3905 1069 3967 anni
1108 3905 1336 3971 Christi
1386 3913 1591 3987 1213,
1631 3907 2072 3989 Gingizehanea
2113 3904 2277 3966 bello
2308 3902 2429 3964 in-

178 3988 356 4050 dicto
390 3989 637 4049 Sultani
677 3991 1020 4054 Moliamedi
1038 4042 1058 4072 ‚
1112 3994 1180 4055 in
1208 3996 1507 4058 ultionem
1535 3995 1794 4057 iuiuatae
1823 3995 1988 4059 necis
2014 3990 2426 4075 quorumdam

178 4083 636 4153 mercatorum,
692 4080 905 4140 urbem
949 4080 1277 4148 maximam
1314 4084 1599 4145 θίγοι-πω
1631 4092 1771 4165 poat
1812 4082 2079 4163 quinque
2123 4076 2426 4138 menaium

179 4160 571 4223 obeidionem
597 4161 661 4225 vi
689 4165 855 4249 cepit
881 4184 1021 4243 cum
1046 4166 1289 4230 infinita
1305 4169 1622 4231 hominum
1654 4170 1856 4244 caede,
1899 4178 1970 4230 nt
1997 4176 2059 4227 et
2083 4185 2244 4224 anno
2272 4168 2402 4231 617
2407 4213 2425 4241 ,

181 4248 365 4311 cuitu
404 4247 707 4314 kalendae
744 4252 809 4313 in
851 4255 895 4320 8
937 4253 1141 4315 Martii
1184 4257 1500 4334 incidunt,
1577 4256 1915 4318 Bocharam
1961 4262 2022 4314 et
2058 4251 2426 4311 Samen-kau-

182 4336 328 4400 dam
350 4336 532 4398 urbe·
557 4337 739 4418 longe
769 4360 863 4400 am
910 4340 1202 4420 linitum,
1246 4364 1507 4426 quarum
1551 4341 1700 4405 huic
1732 4340 2034 4426 praesidio
2075 4339 2265 4402 fuiaae
2303 4337 2429 4398 im·

182 4426 383 4507 poaita
409 4447 444 4484 a
470 4423 728 4487 Sultaue
762 4361 1119 4491 nugs-mode
1161 4443 1412 4493 centum
1447 4430 1672 4510 viginti
1712 4429 1990 4512 equitum
2016 4426 2208 4487 millia
2234 4423 2430 4485 tradit

183 4509 700 4599 Abulpharagiua.
784 4514 896 4578 ted
938 4513 1057 4579 hia·
1080 4519 1316 4601 praelio
1366 4517 1794 4582 cruentiaaimo
1837 4512 2177 4600 profligati·
2220 4510 2430 4575 dedita
