3084 4850
470 488 541 535 η
1340 461 1413 528 Ρ.
1460 415 1792 528 Possm}

474 648 631 703 trem
678 631 930 702 viduam
967 630 1296 719 tyrannicis
1334 628 1523 697 minis
1565 628 1647 694 ad
1680 628 1801 696 viri
1841 627 2071 718 ipsius,
2128 628 2317 719 patris
2367 630 2496 714 sui,
2558 629 2658 698 iu-

478 738 707 804 dicium
749 737 975 825 scripto
1018 733 1433 799 damnandum
1475 732 1754 816 adigere3
1801 734 2121 816 coniugem
2159 735 2319 817 regis
2362 734 2661 818 Ungariae

475 843 666 909 filiam
680 885 704 925 ,
769 838 940 904 cuius
954 840 975 875 ⁶
999 837 1324 902 tenerrime
1368 836 1617 901 dilectae
1656 848 1922 900 mortem
1958 836 2323 902 mollissime
2371 838 2663 920 flevisset,

481 965 567 1010 ex
605 943 732 1010 levi
771 941 1114 1030 suspicione
1130 987 1151 1023 ‚
1207 942 1550 1039 sepulturae
1592 940 1827 1003 bonore
1874 940 2162 1018 multare3
2212 934 2462 1004 fratrem
2507 940 2664 1006 Por-

481 1045 954 1135 phyrogenitum
1010 1045 1386 1108 circumferre
1447 1043 1735 1127 clathrata
1784 1061 1967 1106 cavea
2013 1052 2075 1104 et
2117 1040 2251 1105 diro
2300 1063 2530 1109 carcere
2583 1042 2668 1107 ad
2712 1071 2725 1087 ·

482 1160 746 1213 mortem
800 1167 1137 1212 macerare:
1205 1167 1423 1213 verum
1478 1156 1540 1208 et
1598 1146 1819 1209 horum
1871 1154 2108 1231 partem
2177 1165 2304 1208 non
2363 1144 2670 1227 dubitarit,

482 1250 574 1315 uti
626 1250 894 1315 facinora
949 1251 1251 1338 praeclara
1269 1295 1291 1332 ‚
1366 1245 1744 1312 iactabundis
1811 1246 2075 1328 gloriose
2141 1257 2448 1312 ostentare
2517 1270 2669 1314 con-

484 1351 782 1420 cionibus.

689 1453 778 1521 11.
872 1449 1150 1518 Moribus
1210 1462 1341 1515 tam
1401 1447 1781 1515 instabilibus
1829 1446 2120 1537 principis
2169 1470 2326 1515 unus
2385 1455 2674 1516 constan-'

489 1557 726 1624 tissime
772 1553 1089 1641 respondit
1126 1553 1675 1641 perturbatissimus
1725 1564 1789 1616 et
1825 1553 2382 1618 calamitosissimus
2426 1557 2674 1619 univer-

490 1682 597 1726 sae
640 1659 733 1724 rei
779 1657 1054 1745 publicae
1109 1668 1321 1722 status.
1422 1656 1721 1720 aerarium
1775 1654 2149 1719 exinanitum
2166 1704 2185 1735 ‚
2264 1677 2507 1743 semper
2557 1679 2676 1722 ex-

487 1761 688 1826 hausti
724 1760 963 1824 trib'utis
995 1760 1362 1825 immanibus
1390 1760 1641 1847 populi,
1689 1757 2018 1823 interversa
2062 1758 2493 1822 ministrorum.
2519 1782 2678 1848 quo-

493 1885 613 1952 que
665 1862 1080 1929 Palatinornm
1108 1873 1572 1928 -auctoramenta
1588 1909 1607 1940 ‚
1655 1859 1735 1924 ad
1781 1859 2230 1925 mendicitatem
2279 1860 2504 1926 redacti
2557 1885 2678 1950 pu-

495 1964 763 2032 dendam
812 1966 939 2052 ipsi
985 1966 1275 2031 ecclesiae
1311 1985 1629 2053 proceres3
1687 1965 1895 2028 classis
1922 1964 2195 2029 funditus
2232 1967 2534 2047 neglecta,
2577 1986 2682 2029 ar·-

493 2070 657 2132 cinm
725 2068 1170 2132 limitanearmn
1238 2067 1537 2156 praesidia
1602 2069 1897 2130 subtracta
1912 2115 1932 2146 ,
2009 2079 2321 2133 terrestres
2379 2069 2681 2135 exercitus

494 2173 677 2258 plane
740 2169 1017 2256 dissipati
1034 2217 1054 2251 ,
1129 2171 1365 2235 inerme
1436 2168 1762 2256 imperium
1833 2169 2078 2234 irritatis
2126 2182 2356 2234 temere
2412 2172 2683 2238 barbaris

497 2273 807 2339 obiectum
828 2316 850 2351 ,
932 2292 1173 2337 summa
1235 2273 1463 2336 tutehe
1535 2292 1606 2334 ac
1672 2272 1884 2335 salutis
1953 2274 2229 2359 publicae
2275 2272 2481 2337 infidis
2532 2276 2684 2340 feris

464 2373 479 2382 ⁴
499 2375 815 2464 rapacibus
854 2375 1088 2441 exteris
1126 2373 1639 2440 inconsultissime
1688 2375 2014 2440 commissa
2031 2422 2049 2456 ,
2098 2377 2239 2440 binc
2282 2376 2492 2440 statim
2531 2398 2683 2441 con-

500 2478 721 2543 secutis
770 2479 1126 2544 necessariis
1176 2479 1492 2545 effectibus
1549 2478 1766 2542 talium
1824 2499 2170 2559 causarum,
2239 2481 2685 2546 vastationibus

496 2577 980 2669 provinciarum,
1043 2580 1482 2669 direptionibus
1549 2581 1825 2661 urbium,
1896 2580 2361 2670 depraedatione
2427 2584 2684 2670 captivi-

430 2677 435 2682 ’
497 2693 623 2746 tate
676 2681 861 2747 caede
914 2686 1055 2765 fuga
1110 2687 1518 2771 populorum,
1568 2681 1944 2747 desolatione
1994 2685 2273 2747 omnium
2313 2684 2501 2749 fando
2544 2708 2685 2749 um-

500 2806 688 2872 quam
737 2783 1072 2849 auditarum
1118 2787 1493 2866 tristissima,
1550 2797 1895 2849 cunctarum
1952 2787 2249 2851 latissime
2310 2787 2376 2849 in
2436 2800 2687 2875 utraque

502 2887 687 2952 Asiae
736 2886 1137 2976 Europaeque
1207 2889 1556 2952 continente
1605 2885 1893 2951 Romano
1961 2890 2365 2977 subiectarum
2423 2890 2687 2979 imperio

502 2989 854 3073 regionum3
923 2990 1064 3078 ipsa
1111 2990 1224 3058 vix
1278 2993 1428 3055 urbe
1482 2989 1677 3072 regia,
1730 2989 1898 3054 cuius
1937 2994 2265 3077 portubus,
2318 2992 2487 3056 cuius
2538 3015 2688 3081 por-

504 3091 586 3158 tis
638 3093 794 3158 mari
843 3094 1068 3159 classes
1122 3095 1439 3182 piraticae,
1493 3104 1652 3157 terra
1695 3093 2182 3157 latrocinantium
2223 3094 2484 3159 infestae
2525 3097 2689 3162 acies

504 3195 895 3259 barbarorum
947 3195 1199 3283 impune
1256 3218 1499 3285 semper
1548 3197 1952 3277 insultabant,
2002 3198 2167 3284 ipsa,
2226 3197 2510 3284 inquam,
2562 3200 2689 3264 im-

507 3296 667 3384 perii
730 3295 878 3361 sede
945 3296 1477 3385 Constantinopoli
1540 3298 1656 3362 vix
1707 3298 1967 3362 liberum
2035 3300 2314 3388 spiritum
2381 3323 2558 3364 muro
2627 3313 2693 3366 et

508 3399 977 3492 propugnaculis
1040 3412 1267 3465 tutante
1292 3448 1309 3481 2
1379 3400 1536 3463 inter
1582 3412 1954 3482 grassantem
2005 3402 2171 3466 intus
2222 3405 2485 3483 samem,
2549 3425 2691 3468 sae-

509 3501 781 3569 vientem
836 3503 1033 3584 luem,
1097 3503 1466 3569 seditionum
1507 3504 1668 3565 ferro
1718 3505 1850 3567 sace
1897 3501 2395 3590 depraeliantium
2443 3507 2694 3587 saugui-

508 3604 712 3669 narios
747 3608 980 3670 furores
997 3654 1018 3687 ‚
1069 3619 1262 3671 terrae
1298 3617 1534 3685 motus,
1588 3604 1716 3668 dira
1765 3605 2077 3687 incendia,
2128 3618 2191 3670 et
2230 3605 2298 3669 id
2335 3628 2527 3689 genus
2566 3611 2692 3674 im-

511 3707 734 3771 missas
774 3706 1067 3773 divinitus
1108 3709 1353 3790 clades3
1419 3727 1574 3794 quae
1617 3706 1890 3774 dubitare
1937 3709 2104 3776 cives
2152 3707 2532 3777 miserrimos
2583 3735 2692 3777 co-

510 3821 720 3890 gerent
770 3820 904 3874 utra
944 3825 1107 3877 esset
1138 3813 1364 3903 ‚minus
1400 3812 1745 3876 calamitosa
1783 3815 2052 3894 fortuna,
2095 3807 2548 3895 gementiumne
2576 3820 2691 3881 sub

513 3912 800 3978 servitute
847 3915 1150 3979 barbarica
1213 3916 1408 3980 semel
1455 3913 1848 3979 abductorum
1866 3964 1886 3997 ‚
1969 3937 2050 3980 an
2108 3914 2304 3980 adhuc
2353 3921 2467 3982 sub
2531 3931 2693 3984 tecto

514 4013 707 4099 patrio
753 4018 1042 4081 extremis
1095 4019 1417 4082 terroribus
1472 4019 1917 4099 aestuantium,
1977 4029 2041 4082 et
2094 4040 2214 4105 quo
2261 4039 2404 4085 casu
2447 4022 2695 4110 perituri

516 4135 666 4179 mox
712 4117 947 4200 forent,
1004 4120 1304 4183 cruciabili
1345 4120 1649 4184 anxietate
1684 4121 2079 4185 incertorum.

720 4216 835 4286 ΠΙ.
933 4219 1095 4285 Tam
1135 4233 1310 4286 atrox
1357 4222 1496 4290 irati
1534 4222 1803 4289 numinis
1845 4223 2109 4289 vindicta
2147 4224 2534 4312 quibustuae
2560 4245 2698 4291 sce-

518 4318 741 4386 leribus
802 4335 1254 4410 provocaretur,
1336 4323 1723 4409 disquisitum
1769 4349 1808 4389 a
1859 4326 2134 4413 plurimis
2197 4328 2416 4417 auxie,
2494 4327 2700 4416 ipsum

519 4443 760 4511 quoque
811 4445 883 4491 se
941 4449 1067 4493 non
1132 4427 1526 4495 dissimulans
1577 4428 1709 4492 eius
1759 4430 2070 4496 abstrusae
2128 4429 2219 4495 rei
2269 4431 2703 4498 sciscitatorem
