3084 4850
660 359 777 427 DE
825 353 1320 424 ANDRONICO
1370 349 1931 421 PALAEOLOGO
1981 350 2055 419 L.
2103 349 2223 419 VI.
2371 346 2522 419 539

317 522 699 617 χρήσαιντο,
765 525 924 615 πρὸς
959 525 1071 593 τὸν
1112 517 1445 590 ἐπιστάντα
1494 518 1570 587 τὸ
1620 525 1747 586 πᾶν
1788 523 1905 604 τῆς
1947 516 2133 604 ὀργῆς
2179 516 2519 601 ἐξεκένουν,

323 636 432 700 καὶ
471 628 792 699 ἐνεκάλουν
847 627 1003 714 πρὸς
1043 631 1106 693 Γ
1100 630 1409 703 εννοι·“ί“τας
1445 621 1605 689 κατὰ
1645 621 1760 706 τὴν
1801 623 2094 704 περαίαν,
2165 624 2267 687 καὶ
2310 621 2521 707 ἠξίουν

321 736 439 802 τὸν
470 731 943 818 καταφρονητῆν
975 725 1358 813 ἀμύνασθαι.
1460 727 1565 792 καὶ
1597 721 1632 791 ὅ
1666 722 2063 806 ἐξουσιαστὴς
2096 723 2355 805 ἐκείνων,
2407 725 2521 809 τὴν
2551 745 2597 799 Β

323 839 428 904 ἐπὶ
472 833 717 910 τούτοις
767 834 1011 916 ἄμυναν
1056 838 1182 896 τῶν
1233 833 1438 895 καλῶν
1477 823 1860 914 ἡγησάμενος
1889 875 1911 907 ,
1979 825 2261 908 ἐκπέμπει
2312 823 2524 913 κρύφα

266 938 479 1014 ὄτοῦς
517 937 739 1003 ἐκεῖνον
786 935 958 1022 ἐγγύς
1001 931 1286 1000 θανάτου
1326 927 1730 1014 ποιήσοντας·
1795 937 2035 996 κτανεῖν
2074 928 2194 1013 γὰρ
2242 926 2355 993 ούκ
2396 929 2526 995 ἐδι-

323 1021 580 1118 καίουν,
636 1038 791 1104 ἀλλὰ
838 1033 1119 1114 σπάθαις
1161 1037 1378 1114 στίζειν
1423 1030 1718 1117 ἐσχάτως.
1821 1027 2281 1116 ἐνεδρεύσαντες
2314 1032 2523 1097 τοίνυν

321 1137 701 1225 ἐξεπλήρουν
738 1140 819 1207 τά
864 1146 976 1207 τοῦ
1010 1134 1434 1221 βουλεύματος
1450 1185 1472 1217 ,
1541 1137 1646 1202 καὶ
1705 1140 1962 1211 πολλαῖς
2021 1132 2130 1199 τὸν
2181 1132 2523 1219 ἄνθρωπον

320 1239 780 1318 ἐπεισπεσόντες
808 1242 874 1307 ἐκ
913 1249 1027 1308 τοῦ
1069 1239 1374 1326 αἰφνηδόν
1399 1238 1692 1326 ᾐκίσαντο
1713 1286 1733 1321 ,
1785 1234 1871 1314 ὥς
1894 1232 2182 1322 ’φοράδην
2214 1236 2370 1303 οἴκοι
2400 1232 2527 1321 μό-

322 1353 423 1423 λις
470 1343 900 1426 πιστευόμενον
942 1347 1050 1427 ζῆν
1082 1342 1467 1424 ἀπαχθῆναι.
1583 1346 1772 1408 τοῦτο
1826 1339 2116 1423 βασιλεύς
2166 1340 2252 1416 είς
2302 1336 2525 1407 ἑαυτὸν

227 1469 308 1523 10
323 1448 658 1535 ἀναφέρων
690 1447 814 1513 άπὸ
844 1444 1179 1531 προσώπου
1209 1444 1270 1511 τ’
1306 1446 1492 1510 ἐποίει
1520 1443 1632 1510 ‘triv
1661 1449 1788 1509 τῶν
1818 1447 1881 1509 Γ
1875 1447 2197 1508 εννουϊτῶν
2224 1427 2523 1529 ἄρχοντα,

319 1553 442 1618 καί
469 1577 616 1638 σφιν
642 1549 748 1636 ἐφ’
779 1547 1037 1635 ἡμέραις
1061 1550 1499 1632 ἐπιζυγοῦσθαι
1523 1545 1640 1623 τοὶς
1667 1551 1780 1629 τῆς
1809 1541 2044 1621 πόλεως
2070 1541 2265 1621 πύλας
2292 1546 2518 1632 προσέ-
2551 1550 2600 1605 0

319 1679 584 1734 ταττεν,
639 1652 924 1738 άναρτῶν
969 1650 1040 1719 τὸ
1086 1650 1367 1738 πραχθέν
1406 1650 1491 1724 είς
1535 1650 1733 1734 κρίσιν
1773 1654 1885 1714 τοῦ
1914 1650 2319 1730 κουμουνίου,
2374 1648 2522 1731 μέλ-

319 1762 549 1834 λοντος
575 1752 784 1840 ἐτέρου
815 1754 975 1821 κατὰ
1008 1751 1225 1820 πύστιν
1252 1751 1400 1819 ὅσον
1428 1750 1540 1817 οὐκ
1569 1750 1691 1836 ἤδη
1735 1749 1851 1833 τὴν
1881 1749 2077 1834 ἀρχὴν
2103 1752 2521 1835 διαδέχεσθαι.

545 1865 763 1924 Ταῦτα
805 1856 1229 1943 Μπυριγέριος
1272 1851 1414 1921 τότε
1461 1851 1547 1931 ὥς
1577 1853 1778 1936 λαβὴν
1810 1849 2123 1936 προύτεινε
2150 1855 2521 1939 σκανδάλου,

225 1974 304 2030 15
323 1962 435 2028 καὶ
467 1959 830 2046 άλλοτριοῦν
855 1967 969 2027 τοῦ
994 1959 1298 2042 βασιλέως
1321 1957 1435 2034 τὰς
1460 1958 1701 2024 ἐκείνων
1729 1954 1975 2040 γνώμας
2007 1956 2249 2043 ἐπείρα,
2301 1957 2391 2041 μὴ
2434 1961 2526 2023 εί-

319 2060 456 2143 διύς
470 2113 495 2147 ,
546 2063 586 2149 ἢ
615 2066 716 2131 καὶ
750 2061 901 2131 ἑκὼν
928 2061 1342 2151 παραλείπων,
1397 2055 1481 2137 ὥς
1505 2059 1799 2144 βασιλεύς
1820 2055 2081 2146 φθάσας
2109 2061 2320 2145 σφίσιν
2354 2062 2521 2138 ἐξευ-

468 2211 553 2264 10.
585 2208 686 2264 τόν
715 2207 912 2262 deerat.

319 2359 427 2400 neo
458 2342 581 2428 quid
619 2347 832 2412 agerent
863 2340 1002 2396 aliud
1036 2340 1281 2395 babentes
1297 2375 1316 2405 ‚
1358 2342 1518 2394 totam
1566 2337 1694 2394 iram
1740 2337 1793 2394 in
1839 2340 2110 2396 exarchum
2158 2339 2399 2395 Pisanum
2432 2341 2524 2412 qui

319 2419 537 2483 negotio
571 2413 868 2483 praefuerat
910 2410 1219 2465 effuderunt.
1286 2408 1422 2464 huno
1470 2407 1631 2480 igitur
1678 2410 1863 2464 acerba
1908 2419 2277 2496 conquerentes
2310 2428 2526 2465 aecusa-

320 2490 451 2536 runt
485 2483 623 2553 apud
660 2484 959 2536 Ganuenses
989 2480 1277 2534 habitantes
1307 2479 1362 2531 in
1397 2479 1627 2547 Peraea,
1680 2487 1887 2534 orantes
1926 2490 1985 2535 ut
2027 2498 2078 2535 ιιι
2127 2488 2527 2550 contemptorem

321 2552 607 2605 eommunis
641 2550 897 2620 religionis
929 2550 1231 2618 sacrilegum
1281 2565 1376 2618 pro
1409 2549 1608 2602 maritis
1654 2549 1954 2603 vindicaret.
2020 2549 2330 2603 existimavit
2361 2551 2529 2620 magi-

319 2628 530 2676 stratus
572 2620 918 2673 Genuensium
961 2636 1176 2688 aequam
1224 2634 1258 2671 a
1305 2635 1364 2671 se
1395 2634 1503 2670 rein
1538 2618 1680 2688 peti,
1714 2619 2131 2689 praeclarumque
2163 2618 2259 2671 sibi
2295 2620 2407 2671 fora
2439 2624 2524 2672 t'a·

319 2690 477 2743 cinus
522 2689 756 2742 ultionem
801 2689 865 2741 de
913 2688 1098 2741 Pisano
1147 2703 1358 2756 gravem
1402 2703 1620 2740 sumere.
1687 2688 1918 2740 submisit
1966 2690 2123 2756 igitur
2155 2685 2399 2751 sicarios,
2433 2687 2525 2757 qni

319 2759 461 2812 clam
495 2758 891 2810 circumventum
923 2756 1086 2827 plagis
1119 2757 1379 2811 atrocibus
1413 2754 1671 2808 caedendo
1741 2758 1932 2809 roxime
1966 2773 2139 2809 necem
2174 2754 2523 2808 adducerentz

320 2843 432 2880 ιιοιι
467 2826 603 2878 enim
638 2827 791 2878 certis
823 2826 890 2878 de
920 2825 1087 2878 oausis
1131 2825 1282 2895 plane
1327 2824 1555 2877 interfici
1588 2824 1704 2876 vole
1741 2834 1830 2889 at,
1880 2823 1974 2877 sed
2007 2824 2178 2892 gladio
2214 2823 2345 2875 citra
2382 2839 2525 2875 mor-

320 2903 435 2948 ten
467 2892 764 2945 vulneribus
796 2892 997 2946 exarari
1030 2893 1311 2946 luculentis.
1379 2893 1612 2944 fecerunt
1653 2891 1898 2945 emissarii
1980 2893 2080 2946 uod
2121 2891 2246 2944 iussi
2296 2892 2520 2959 fuerant,

321 2970 386 3016 et
415 2961 671 3014 irruentes
701 2978 766 3013 ex
804 2961 1005 3014 insidiis
1037 2961 1091 3013 in
1125 2961 1246 3014 nibil
1281 2959 1446 3013 miuus
1479 2958 1765 3028 opinantem
1801 2978 1954 3014 exaro
1990 2978 2071 3014 um
2104 2960 2404 3013 Pisanorum
2442 2967 2525 3015 tot

321 3047 448 3085 eum
497 3037 815 3083 cruentatum
862 3030 1054 3082 ensium
1102 3028 1288 3081 ictibus
1322 3029 1669 3097 reliquerunt,
1718 3038 1778 3083 ut
1809 3029 1962 3082 miser
1994 3047 2025 3082 a
2058 3030 2167 3084 suis
2200 3048 2231 3083 e
2264 3029 2522 3083 carnifici-

322 3118 431 3156 nae
462 3098 579 3152 loeo
614 3115 725 3150 oum
760 3097 956 3152 modica
987 3113 1081 3167 spa
1114 3098 1256 3149 vitae
1287 3098 1514 3150 manibus
1548 3097 1749 3150 domum
1782 3100 2078 3153 referretur.
2147 3099 2262 3162 boc,
2296 3105 2355 3149 ut
2388 3106 2520 3166 erat,

321 3168 380 3223 in
416 3169 500 3222 sui
534 3167 884 3221 contumeliam
930 3165 1293 3219 intolerabilem
1340 3167 1526 3219 factum
1562 3166 1926 3237 interpretatus
1973 3168 2249 3238 imperator
2282 3167 2520 3221 contiuuo

367 3244 621 3290 raetorem
656 3235 1003 3289 Galatensium
1021 3271 1038 3301 ,
1089 3234 1140 3286 in
1173 3234 1414 3289 comitatu
1448 3234 1514 3287 ad
1549 3253 1635 3288 res
1666 3234 1887 3307 ipsorum
1920 3238 2175 3291 curandas
2207 3237 2403 3292 versari
2435 3256 2525 3292 so·-

322 3255 505 3371 iitum,
541 3322 794 3374 apparere
826 3304 1064 3374 deinceps
1098 3319 1265 3355 eoram
1300 3320 1357 3356 se
1390 3304 1589 3370 vetuit,
1622 3305 1849 3375 ipsisque
1886 3305 1954 3360 ad
1986 3307 2102 3359 <lies
2134 3307 2330 3389 aliquot
2362 3323 2522 3376 prae-

326 3373 473 3442 cepit
508 3373 740 3427 obserari
776 3380 952 3443 portas
984 3370 1142 3435 urbis,
1177 3390 1270 3425 nec
1301 3372 1352 3425 in
1387 3391 1497 3426 eam
1532 3374 1617 3427 ulli
1645 3392 1815 3427 eorum
1849 3376 2041 3429 aditum
2079 3374 2321 3445 permitti.
2392 3377 2520 3429 baec

327 3440 406 3496 sic
439 3443 702 3508 Augustus
734 3443 872 3511 egit,
926 3458 1128 3494 sensum
1172 3441 1376 3512 quidem
1410 3441 1627 3497 iniuriae
1659 3444 1987 3512 significans,
2021 3444 2131 3498 eius
2163 3455 2333 3498 tamen
2365 3445 2519 3497 ultio-

327 3527 445 3563 nem
486 3510 705 3562 nondum
754 3528 1043 3581 exequenn
1086 3511 1231 3563 cuius
1262 3512 1593 3581 cognitionem
1628 3516 1984 3567 reservandam
2032 3515 2281 3583 integram
2315 3514 2520 3583 putavit

326 3578 473 3632 novis
507 3578 895 3644 magistratibus
927 3581 1289 3634 Galatensium.
1361 3598 1475 3633 narn
1515 3582 1799 3652 respublica
1829 3583 2025 3636 illorum
2062 3584 2273 3636 concilio
2302 3582 2519 3652 quodam

328 3645 540 3718 publico
588 3645 830 3699 lectorum
880 3665 912 3702 e
989 3658 1106 3703 ente
1152 3666 1417 3720 procerum
1468 3652 1881 3719 gubernabatur,
1930 3653 2075 3705 cuius
2121 3661 2236 3704 erat
2283 3651 2519 3718 regimini

327 3724 525 3769 certum
561 3715 806 3783 temporis
838 3734 932 3787 spa
978 3736 1060 3772 um
1091 3718 1474 3788 praescriptum.
1545 3721 1641 3773 boc
1672 3727 1854 3773 exacto
1883 3721 2021 3773 aliud
2055 3721 2389 3772 communium
2418 3721 2521 3786 (sie

329 3785 464 3839 enim
497 3778 553 3836 id
586 3784 852 3852 collegium
897 3803 980 3839 res
1027 3790 1195 3856 gentis
1239 3788 1691 3842 administrantium
1726 3791 2034 3855 vocabatur)
2083 3790 2238 3858 priori
2272 3790 2521 3841 succede·

327 3855 439 3907 bat.
508 3870 621 3906 cum
657 3851 818 3921 igitur
847 3856 1076 3910 audisset
1103 3857 1378 3927 imperator
1409 3858 1599 3911 instare
1633 3857 1778 3910 istius
1812 3858 2104 3911 mutationis
2135 3858 2285 3923 diem,
2320 3867 2376 3910 et
2402 3875 2518 3912 mox

329 3938 494 3976 novos
527 3922 794 3989 delegatos
825 3924 1073 3992 abrogato
1120 3927 1383 3979 veteribus
1429 3928 1642 3998 imperio
1676 3928 1898 3978 habenas
1944 3943 2111 3979 rerum
2146 3934 2434 3994 sumpturos
2469 3929 2520 3981 iu

271 3998 282 4011 ⁶
329 4007 545 4055 mana,
594 3990 729 4059 apud
775 3989 896 4057 bos,
955 3992 1041 4045 ubi
1103 3995 1453 4063 magistratum
1509 3995 1800 4060 inhiarent,
1864 3996 2190 4064 expostulare
2233 3995 2300 4048 de
2346 3995 2521 4053 Pisani

331 4060 541 4114 exarchi
576 4059 904 4130 oppressione
936 4060 1254 4116 decreverat.

472 4129 629 4183 Talia
679 4143 832 4199 porro
881 4126 1227 4197 Mpyrigerius
1271 4132 1326 4186 in
1371 4150 1436 4187 ea
1479 4149 1627 4203 quam
1672 4131 1826 4185 retuli
1861 4131 1925 4185 ad
1961 4135 2266 4186 Genuenses
2299 4151 2521 4206 peregre

332 4194 677 4250 adventantes
723 4195 956 4250 oratione
1005 4199 1189 4268 cupide
1231 4209 1292 4253 ut
1336 4218 1508 4255 ansam
1553 4211 1885 4270 opportunam
1919 4204 2208 4271 arripuerat
2242 4205 2523 4259 alienandis

333 4266 412 4318 ab
443 4266 687 4335 obsequio
729 4265 1052 4334 imperatoris
1093 4267 1287 4323 illorum
1335 4272 1520 4324 animis
1565 4269 1833 4340 atrocique
1883 4271 1945 4326 iis
1977 4271 2245 4326 inserendo
2276 4274 2328 4327 in
2360 4276 2523 4343 ipsum

334 4333 478 4388 odio.
539 4352 719 4407 nempe
750 4340 843 4390 aut
874 4335 1135 4391 nesciebat
1149 4374 1169 4402 ,
1209 4349 1303 4393 aut
1333 4339 1500 4394 sciens
1542 4336 1896 4396 dissimulabat
1910 4382 1927 4412 ‚
1962 4344 2218 4410 placatum
2248 4343 2385 4398 ultro
2417 4343 2520 4398 ian
