3084 4850
521 378 673 452 858
1137 380 1618 452 OBSERVAT.
1664 380 2146 452 PACHYMER.

542 544 663 641 ’ὧι-1
728 544 979 693 ῐῑωἝ-ἓ·
1019 548 1168 605 but·-
1178 545 1274 647 {²⁰-
1431 550 1801 615 Benedictus
1841 552 1934 614 lx
1967 552 2146 618 Rom.
2191 554 2471 636 pontifex
2521 557 2784 618 moritur

762 649 859 692 nme
1346 639 1580 701 Perusii
1624 639 1725 700 dis
1784 643 1828 706 6
1871 640 1973 701 vel
2012 646 2055 709 7
2110 641 2264 702 Iulii.
2353 642 2785 705 dissidentibus

376 737 484 795 622
522 759 687 826 ¹304
726 662 937 801 δθέἰῒ
929 715 978 747 ⁸‘
1022 708 1088 750 ⁸¹¹
1058 706 1209 830 '‘'2‘2’
1180 705 1275 752 ¹¹⁶¹
1343 726 1510 787 circa
1552 727 1914 787 successoris
1956 725 2308 790 electionem
2340 723 2785 808 cardinalibus,

1032 844 1191 890 ntes
1194 850 1262 895 ὅ,
1347 815 1487 895 plus
1515 814 1726 874 decem
1751 813 2057 875 mensibus
2092 816 2267 877 sedes
2290 827 2499 883 vacat.

1110 909 1184 969 11
1435 901 1829 961 Rontzeriani
1857 923 1892 961 a
1924 921 2071 963 vere
2098 903 2180 962 ad
2210 913 2583 966 autumnum
2615 905 2786 984 flagi·

1348 988 1667 1049 tiosissime
1693 988 1897 1068 Cyzici
1926 988 2221 1067 desident,
2251 991 2447 1052 socios
2473 1002 2787 1068 vexantes,

1346 1094 1596 1136 movere
1652 1075 1720 1135 in
1773 1072 2013 1137 hostem
2071 1078 2507 1142 detrectantes.
2612 1079 2788 1140 multi

1345 1182 1561 1224 eorum
1585 1161 1813 1244 praeda
1836 1181 1872 1223 e
1899 1163 2137 1226 civibus
2162 1175 2343 1247 rapta
2371 1166 2437 1226 in
2458 1186 2650 1227 naves
2669 1168 2786 1228 im-

1346 1250 1546 1333 posita
1569 1250 1843 1331 fugiunt3
1874 1271 2136 1330 querum
2162 1272 2371 1314 rerum
2404 1254 2788 1315 amanda·

1347 1357 1488 1398 rum
1528 1356 1711 1396 causa
1757 1338 2050 1398 extremis
2085 1337 2272 1401 huius
2307 1342 2450 1401 anni
2483 1341 2786 1402 mensibu·

1349 1423 1716 1483 Rontzerius
1743 1423 2166 1486 Andronicum
2194 1427 2345 1488 adit.
2388 1427 2446 1487 ei
2467 1447 2626 1508 quae
2654 1428 2786 1489 vult

1350 1511 1710 1592 persuadet3
1752 1531 1968 1591 magna
2006 1512 2256 1595 insuper
2291 1516 2553 1596 pecunia
2589 1515 2786 1576 dons-

1348 1605 1474 1659 tur.
1562 1598 1603 1660 l.
1630 1599 1673 1663 5
1707 1616 1763 1665 c.
1792 1602 1898 1664 21.

1433 1683 1572 1745 Hoc
1617 1704 1780 1745 anno
1815 1683 2072 1765 contigit
2110 1707 2277 1747 mors
2318 1688 2570 1748 Caunis
2603 1687 2785 1747 Kanis

1349 1770 1807 1852 Tocharorum,
1863 1783 2198 1842 memorata
2245 1795 2298 1834 c.
2334 1781 2366 1840 1
2410 1773 2454 1835 l.
2484 1781 2547 1843 6.
2645 1774 2784 1834 vide

1351 1867 1531 1920 notas
1567 1867 1808 1919 nostras
1851 1858 1930 1919 ad
1963 1859 2120 1920 illud
2149 1870 2369 1942 caput,
2412 1871 2480 1921 et
2514 1884 2572 1925 c.
2598 1868 2641 1931 7
2675 1861 2714 1921 Ι.
2743 1866 2785 1928 8

1357 1956 1710 2007 nostrarum
1737 1945 2276 2012 Observationum.
2363 1947 2619 2029 paulum
2656 1969 2786 2008 eam

1355 2041 1767 2115 praecesserat
1822 2033 2289 2114 Carmpantsnis
2331 2035 2554 2097 cinni
2613 2035 2788 2098 stau-t

1354 2119 1734 2181 succedentia
1763 2120 2099 2182 coronatio.

524 2254 694 2376 }305
731 2298 845 2344 Sed.
873 2312 974 2345 vu.
1054 2292 1258 2336 A-uron.
1439 2294 1700 2355 Michael
1747 2292 2054 2374 Augustus
2101 2295 2309 2357 iunior
2364 2314 2441 2354 ex
2497 2292 2788 2354 Orientali

1040 2353 1231 2476 MR}
1207 2430 1269 2474 ὓ,
1355 2382 1742 2464 expeditione
1791 2381 2022 2445 redux‘
2051 2381 2150 2444 die
2193 2381 2278 2449 24
2327 2380 2633 2457 ianuarii,
2689 2401 2792 2442 so·

1118 2493 1200 2555 12
1355 2470 1540 2530 lemni
1582 2468 1769 2550 patris
1801 2477 1861 2527 et
1891 2468 2063 2530 urbis
2103 2490 2401 2546 occursu,
2445 2468 2794 2550 Constanti-

1356 2557 1626 2637 nopolim
1651 2554 2015 2634 ingreditur.
2105 2558 2148 2623 1.
2175 2561 2218 2623 5
2245 2578 2302 2619 c.
2337 2561 2440 2623 17.

1442 2644 1551 2704 Die
1584 2647 1663 2708 18
1693 2642 1896 2703 Martii
1929 2642 2188 2705 Michael
2214 2644 2471 2725 despota
2502 2642 2794 2723 perduel-

1357 2730 1533 2790 lionis
1579 2729 1902 2789 damnatus
1943 2740 2244 2812 perpetuo
2284 2731 2519 2791 carceri
2555 2729 2792 2791 addici-

1356 2827 1477 2880 tur.
1564 2816 1609 2880 l.
1645 2816 1687 2881 5
1720 2821 1912 2883 c.19

1442 2901 1945 2985 Sphentisthlabo
1971 2901 2235 2982 Bulgaro
2265 2901 2495 2963 bellum
2535 2902 2792 2985 imperio

1352 2992 1697 3066 indicente,
1739 2987 2136 3051 Andronicus
2183 2989 2517 3070 imperator
2565 2990 2794 3071 praesi-

1356 3079 1474 3139 diis
1539 3077 1717 3139 illum
1784 3077 2040 3139 limitem
2118 3075 2325 3137 firmat
2348 3121 2367 3150 ,
2442 3077 2794 3139 Eltimerem

1357 3163 1840 3246 Sphentisthlabi
1887 3174 2183 3246 patruum
2236 3163 2413 3225 donis
2459 3184 2794 3246 praeoccu-

1358 3251 1565 3332 pando
1595 3252 1910 3310 continere
1935 3251 2003 3311 in
2042 3250 2166 3312 fide
2204 3250 2441 3331 satagit.
2533 3251 2794 3328 denique

1359 3336 1714 3400 michaelem
1747 3337 2086 3417 Augustum
2140 3338 2443 3397 iuniorem
2484 3356 2562 3397 eo
2604 3336 2794 3396 desti-

1357 3435 1499 3501 nat,
1545 3424 1852 3484 attributis
1888 3424 1942 3482 ei
1985 3423 2458 3505 possessionibus
2487 3423 2796 3484 Michaelis

1361 3513 1670 3593 despotae.
1754 3509 1796 3570 l.
1830 3510 1871 3575 5
1899 3529 1952 3569 c.
1992 3514 2074 3575 18
2103 3519 2167 3569 et
2196 3516 2295 3577 19.

1444 3601 1649 3661 Mense
1672 3596 1889 3659 Martio
1910 3597 2215 3657 instanter
2237 3615 2459 3676 urgens
2479 3596 2788 3658 Androni·

1361 3708 1468 3748 cus
1495 3688 1831 3768 imperator
1863 3684 2157 3743 abscissos
2198 3682 2277 3743 ab
2308 3683 2640 3744 Athanasio
2682 3705 2792 3743 an·

1360 3776 1619 3850 tistites,
1662 3773 1738 3831 ab
1772 3772 1843 3832 iis
1884 3773 2171 3852 impetrat
2213 3779 2287 3830 ut
2321 3771 2374 3830 ei
2417 3771 2790 3832 reconciliari

1364 3862 1576 3922 velint.
1665 3858 1832 3920 unde
1856 3878 2004 3919 mox
2030 3858 2311 3940 proximo
2335 3857 2680 3918 Palmaruni
2704 3858 2792 3918 se-

1362 3960 1483 4028 sto,
1524 3946 1695 4028 quod
1725 3945 1943 4007 incidit
1968 3945 2033 4006 in
2064 3949 2108 4009 7
2139 3943 2380 4027 Aprilis,
2423 3944 2791 4006 convenien-

1364 4047 1457 4097 tes
1484 4037 1552 4096 in
1592 4032 1921 4116 templum,
1966 4031 2360 4093 Athanasium
2410 4041 2482 4092 ut
2527 4032 2790 4112 patriar-

1366 4122 1542 4184 cham
1580 4130 1960 4201 agnoverunt
1980 4165 1998 4198 ,
2043 4139 2184 4182 cum
2223 4136 2294 4178 eo
2337 4120 2791 4179 communicau-

1364 4221 1478 4274 tes.
1565 4209 1606 4269 1.
1633 4210 1675 4274 5
1715 4228 1767 4271 c.
1801 4212 1909 4274 20.

1451 4296 1628 4358 Solus
1648 4292 2026 4367 Athanasius,
2041 4289 2493 4351 Alexandrinus
2517 4308 2788 4349 commu-

1368 4384 1569 4443 nicare
1605 4380 1932 4442 Athanasio
1975 4376 2653 4459 Constantinopolitano
2691 4375 2790 4434 in·

1367 4470 1715 4531 flexibiliter
1743 4468 2000 4548 respuit.
2088 4464 2234 4527 ibid.
