3084 4850
1037 238 1195 310 un„
1247 236 1334 309 11.
1432 237 1743 335 monn
2351 235 2507 316 749

277 424 459 477 taxet
501 422 682 476 tenus
730 431 802 483 sc
842 409 1337 494 praesumptione
1354 454 1373 487 ,
1418 407 1572 470 citra
1608 408 1797 470 ullnm
1835 408 2119 489 legitimis
2147 409 2513 474 celebratam

272 503 504 565 ritibus
548 499 1051 582 assumptionem,
1094 497 1280 559 fuisse
1320 495 1610 569 tributam
1650 495 2002 558 Andronico
2038 496 2268 559 iuniori
2297 498 2513 580 appel-

270 590 570 652 lationem
598 584 1016 668 imperstoris,
1059 594 1122 646 et
1150 582 1350 645 senior
1377 582 1768 644 Andronicus
1800 581 2167 645 demonstrat
2197 584 2367 663 dum,
2408 604 2513 647 re-

274 677 516 738 ferente
558 672 983 733 Csntacnzeno
1023 670 1069 732 l.
1121 676 1152 738 1
1210 691 1262 731 c.
1303 673 1381 745 9,
1436 666 1856 730 Andronicum
1900 689 2040 730 eum
2081 670 2517 751 Palaeologum

276 759 650 842 simpliciter
673 767 855 820 voest
890 766 953 818 et
988 766 1055 818 ut
1087 756 1430 841 principem
1458 755 1701 836 agnosci
1732 754 2041 837 prohibet3
2085 756 2303 838 etipse
2337 757 2519 817 fateri

275 847 534 910 videtur
582 845 968 906 Andronicus
1015 843 1255 919 iunior,
1299 842 1445 904 dum
1474 843 1683 904 eodem
1705 841 1866 904 libro
1894 863 1947 903 c.
1974 847 2059 909 28
2088 843 2244 925 petit
2278 842 2353 904 ab
2395 863 2518 904 svo

279 933 533 995 admitti
574 951 638 992 se
678 932 744 993 in
792 930 1169 993 consortium
1212 928 1455 1013 imperii
1497 950 1637 990 cum
1676 928 1811 990 iure
1840 929 2262 991 successionis.
2346 939 2519 991 recte

281 1021 481 1101 igitur
507 1039 646 1079 cum
680 1018 861 1080 simul
876 1026 1250 1100 assumptus,
1291 1015 1476 1077 simul
1500 1015 1794 1077 inunctus
1819 1037 1893 1077 nc
1920 1025 2245 1078 coronatus
2257 1013 2519 1078 Andro-

279 1107 470 1169 nicus
504 1104 711 1167 iunior
738 1105 886 1185 suit,
931 1106 1101 1186 quod
1126 1112 1335 1165 narrat
1361 1103 1815 1164 Centacuzenus
1837 1124 1890 1163 c.
1918 1102 2038 1181 41,
2082 1101 2245 1185 scuti
2282 1111 2522 1187 purtem

284 1192 660 1256 anteriorem
696 1191 826 1273 ipse
871 1211 1022 1254 evus
1061 1192 1368 1271 Augustus
1416 1189 1655 1266 tenuit,
1699 1208 1772 1250 eo
1820 1199 2111 1251 consueto
2156 1188 2288 1251 ritu
2320 1190 2521 1272 ipsum

284 1278 558 1343 evehens
582 1279 649 1339 in
677 1279 987 1359 Augustsn
1037 1277 1425 1357 dignitatem,
1470 1276 1637 1357 quod
1665 1276 1937 1338 nondum
1976 1277 2231 1339 fecerat:
2275 1276 2521 1358 quando

286 1376 496 1429 nutem
533 1364 820 1426 inunctus
865 1378 928 1426 et
969 1373 1296 1425 coronatus
1326 1362 1648 1423 dumtaxat
1677 1363 1797 1423 iam
1836 1371 2010 1423 antea
2040 1371 2286 1426 evectus
2312 1363 2378 1424 in
2404 1362 2526 1423 im-

283 1453 618 1602 3²:323:
638 1449 1599 1620 ,fsfffflsssfsst‘zzssssffi
1625 1448 2526 1598 *23225232232223‘5532

282 1623 619 1707 significat.
704 1622 782 1685 de
807 1582 1033 1706 spa'rsis
1058 1622 1126 1684 in
1152 1621 1273 1684 hac
1295 1621 1612 1683 occasione
1642 1621 1708 1682 in
1737 1622 2039 1706 populum
2066 1622 2397 1685 nummulis
2426 1623 2528 1683 in-

282 1723 393 1775 tra
418 1710 537 1772 lini
567 1720 870 1791 segmenta
899 1709 1134 1791 ligatis,
1179 1729 1441 1792 quorum
1468 1707 1575 1770 hic
1600 1709 1874 1771 meminit
1912 1709 2341 1793 Pschymeres,
2379 1708 2525 1773 vide

291 1819 456 1884 quae
477 1798 906 1860 annotavimus
931 1797 1000 1859 in
1031 1796 1339 1858 Glossario
1369 1796 1518 1857 tomi
1540 1795 1765 1878 prioris
1790 1796 1983 1860 verbo
2012 1791 2366 1879 ἐπικὸμπια.

471 1906 537 1968 p.
571 1888 696 1952 19⁷
723 1905 783 1948 v.
816 1885 876 1953 4.
961 1884 1136 1947 lrene
1177 1880 1541 1945 marchionis
1578 1883 2017 1946 Montisferrati
2056 1884 2124 1945 in
2161 1881 2521 1945 Lombsrdia
2551 1875 2599 1933 Ρ
2634 1876 2737 1936 536

287 1972 458 2052 filia,
492 1971 761 2073 secunda
788 1971 1017 2033 coniux
1049 1970 1384 2032 Andronici
1413 1969 1671 2031 senioris
1701 1971 2082 2072 imperatoris
2098 2017 2117 2051 ,
2157 1979 2282 2031 tres
2309 1970 2365 2076 ei
2394 1990 2528 2031 ma-

289 2055 2082 2225 mffihz„23::32‘301332033‘23‘3352032325222
2111 2054 2261 2222 ιῗὶἒῗ
2277 2055 2528 2204 „imi

293 2233 437 2294 aine
486 2230 694 2291 liberis
735 2230 922 2291 fratre
959 2228 1162 2289 Irenes
1199 2227 1555 2291 marchione
1585 2227 2054 2308 montisferrati,
2100 2250 2241 2290 cum
2269 2228 2348 2290 sd
2385 2248 2530 2290 suc-

294 2314 634 2380 cessionem
660 2315 1043 2398 principatus
1076 2314 1203 2378 eins
1234 2315 1565 2378 mittendus
1594 2325 1750 2379 esset
1789 2315 2008 2398 aliquis
2036 2336 2116 2378 ex
2138 2316 2342 2378 Irenes
2369 2313 2533 2393 filiis,

291 2412 481 2490 pater
521 2403 795 2466 omnium
834 2402 1152 2465 minimum
1196 2402 1567 2466 Demetrium
1610 2422 1683 2465 eo
1727 2403 2086 2481 destinavit,
2140 2411 2204 2465 et
2245 2403 2536 2487 despotae

292 2491 490 2555 titulo
539 2489 905 2553 honoratum
947 2491 1013 2550 in
1054 2491 1530 2573 Longobsrdinm
1576 2491 1740 2554 misit
1774 2492 1852 2553 ed
1890 2492 2062 2554 illam
2097 2490 2535 2553 haereditatem

294 2581 443 2642 iure
470 2589 744 2639 materno
792 2576 1175 2639 cernendam.
1257 2579 1364 2640 sed
1394 2590 1588 2641 mater
1617 2579 1828 2657 Irene,
1872 2599 2030 2661 quae
2069 2587 2217 2639 tunc
2251 2578 2468 2660 procul
2496 2597 2536 2637 a

294 2668 443 2731 viro
472 2664 933 2727 Thessalonicae
960 2663 1240 2746 degebat,
1284 2684 1591 2747 quasque,
1637 2675 1712 2728 ut
1742 2664 2141 2748 Pschymeres
2191 2663 2415 2725 alicubi
2442 2663 2537 2724 ti·-

296 2751 533 2817 anidins
560 2752 825 2831 indicat,
868 2752 1062 2813 multo
1092 2761 1292 2813 sutem
1319 2753 1587 2815 exertius
1619 2753 1916 2834 Gregoras
1943 2749 2308 2834 profitetur,
2350 2749 2539 2813 retio-

296 2859 418 2903 nes
439 2839 509 2900 in
530 2840 741 2902 multis
771 2860 1027 2923 sequens
1051 2839 1327 2921 proprias
1356 2837 1523 2902 hand
1570 2839 1829 2902 multum
1861 2838 2127 2900 obnoxie
2155 2836 2360 2901 mariti
2382 2836 2537 2921 pla—

298 2926 450 2990 citis
475 2946 612 2988 suas
656 2926 1015 3009 subiungere
1059 2924 1290 2988 solebat
1329 2927 1676 2989 voluntates
1694 2972 1716 3008 ,
1777 2926 2070 3010 aptiorem
2112 2924 2536 3008 praerogativa

296 3014 526 3077 aetatis
547 3012 868 3076 adultioris
902 3013 980 3075 sd
1018 3011 1136 3075 hoc
1168 3011 1557 3075 Theodorum
1591 3024 1950 3091 autumans,
1993 3031 2130 3073 eum
2158 3031 2236 3073 ex
2262 3009 2534 3097 propin-

300 3099 513 3184 quiori
560 3107 806 3181 strenue
844 3100 1091 3162 mittens
1112 3145 1131 3179 ,
1202 3098 1532 3163 sd‚entum
1588 3099 1873 3164 Damon-ii
1915 3098 2249 3181 praevenit.
2343 3118 2535 3183 quare

300 3185 768 3250 marchionatus
820 3186 1394 3249 montisferratensis
1451 3189 1889 3270 possessionem
1942 3184 2299 3249 Theodorus
2355 3185 2532 3265 adiit,

303 3274 567 3354 coniuge
588 3282 838 3357 accepta
867 3273 1103 3357 Spinuli
1141 3274 1471 3337 Genuensis
1493 3275 1616 3338 viri
1639 3272 1913 3359 primarii
1944 3271 2092 3351 filis,
2137 3294 2215 3335 ex
2241 3294 2357 3356 qua
2391 3294 2530 3336 cum

302 3361 547 3444 prolem
581 3361 899 3423 dumtaxat
931 3360 1282 3422 femininam
1310 3363 1671 3446 suscepisset
1709 3371 1773 3424 et
1806 3361 1897 3423 sic
1945 3359 2194 3423 obiisset
2223 3362 2353 3425 sins
2396 3383 2535 3424 ms-

304 3446 489 3508 sculs
529 3447 771 3527 sobole,
812 3447 1398 3511 montisferrstenses
1433 3450 1716 3512 loannem
1744 3448 2054 3530 despotnm
2081 3449 2444 3511 nominatim
2463 3457 2538 3512 ut

304 3532 783 3616 primogenitum
829 3534 1034 3597 Irenes
1094 3534 1160 3595 in
1202 3534 1543 3620 principem
1602 3536 1942 3621 petierunt,
2014 3535 2541 3620 impetraruntqne

304 3619 584 3683 tandem.
670 3619 826 3683 haec
866 3630 1079 3685 narret
1121 3630 1329 3684 noster
1365 3623 1406 3686 1.
1431 3630 1473 3692 7
1522 3645 1579 3687 c.
1625 3627 1740 3702 18,
1797 3623 1900 3685 ubi
1936 3632 2000 3686 et
2048 3622 2333 3686 observet
2369 3621 2540 3684 hune

304 3706 599 3768 Ioannem
640 3707 823 3790 plane
865 3729 929 3771 se
971 3708 1453 3773 accommodssse
1490 3711 1569 3773 ad
1616 3729 1812 3773 mores
1859 3708 2155 3773 Italorum
2196 3718 2259 3771 et
2297 3718 2537 3789 gratnm

307 3791 571 3856 subditis
598 3792 803 3857 fuisse.
885 3816 1246 3880 propagasse
1265 3795 1368 3858 hic
1395 3798 1622 3860 dicitur
1652 3795 1897 3877 longum
1938 3797 2151 3859 seriem
2183 3796 2534 3878 principum

304 3900 439 3942 non
463 3877 987 3944 schismaticorum
1015 3882 1231 3945 demus
1256 3884 1702 3966 Palaeologicae
1715 3929 1736 3964 ‚
1763 3884 1832 3946 in
1866 3903 2014 3948 vera
2048 3882 2424 3967 professione
2449 3883 2536 3946 fi-

305 3966 410 4031 dei
439 3964 774 4030 catholicae
803 3970 1127 4031 Romanae.-

484 4075 554 4138 p.
582 4058 715 4122 202
738 4074 799 4117 v.
823 4060 888 4123 7.
973 4058 1359 4119 inconcessae
1382 4059 1746 4140 affinitatis.
1831 4064 1963 4118 erat
1987 4055 2101 4118 ista
2133 4054 2398 4121 affinitas
2427 4078 2547 4140 qna

311 4140 391 4205 da
421 4142 701 4226 personis
730 4153 902 4205 sexto
930 4142 1090 4205 inter
1117 4163 1182 4204 se
1205 4146 1395 4225 gradu
1434 4142 1814 4225 cognationis
1858 4143 2116 4223 iunctis,
2161 4145 2546 4208 matrimonio

310 4228 716 4315 copulandis,
758 4229 1010 4312 speciali
1037 4230 1112 4293 ad
1140 4231 1207 4292 id
1237 4233 1561 4296 obtinenda
1588 4230 1997 4316 praelatorum
2022 4231 2310 4295 ecclesiae
2337 4232 2544 4307 venia,

698 4361 721 4399 ‚
775 4325 852 4380 ut
884 4326 1100 4382 auctor
1139 4319 1341 4403 capite
1389 4319 1692 4406 superiori
1734 4317 2090 4385 declaravit.
2177 4321 2384 4403 atqui,
2444 4319 2541 4380 nti
