3084 4850
510 327 665 401 862
1127 327 1611 398 OBSERVAT.
1660 329 2153 402 Mearm.

534 499 659 544 Λ-ιί
727 494 957 539 Rau-⁸⁸⁰-
1006 490 1263 585 hrt-{¹⁰-
1417 498 1682 560 Cazanes
1727 497 2148 563 Tocharorum
2188 500 2408 579 Kanis,
2451 500 2759 562 Romano-

532 550 652 595 cbr.
716 559 818 611 m!
847 545 968 589 Pon·
1068 556 1177 590 man

716 599 970 749 C‘lflffivga'ia
1009 648 1254 695 Andronici

512 770 533 825 1
548 770 674 835 306
841 767 886 832 2
1094 757 1178 824 24

1023 839 1251 886 Michael.

1096 902 1178 965 13

1332 606 1473 647 rum
1502 586 1752 663 amicus,
1775 587 2060 666 moritur,
2089 608 2433 649 successore
2459 589 2575 649 sibi
2601 590 2764 670 prins

1335 673 1647 754 designato
1689 674 2133 755 Carmpantane
2183 678 2408 755 fratre,
2454 696 2639 756 quem
2687 675 2762 736 ad

1334 759 1454 821 hoc
1484 780 1563 821 ex
1591 760 1765 822 ludia
1792 764 2213 824 accersiverat.
2300 763 2343 824 l.
2374 770 2417 831 6
2444 785 2498 823 c.
2535 770 2596 829 1.

1418 848 1712 909 Amurius
1740 868 1881 910 cum
1911 849 2266 911 Andronico
2295 850 2664 933 imperatore
2691 848 2764 910 de

1332 954 1479 1015 pace
1507 944 1759 996 tractat.
1842 935 1991 1002 ibid.

1420 1022 1524 1083 Die
1578 1025 1665 1086 29
1708 1022 2087 1102 Septembris
2141 1022 2476 1102 imperotor-
2528 1022 2764 1102 longam

1331 1109 1687 1170 concionem
1710 1108 1791 1170 ad
1817 1110 2181 1171 Araenianos
2206 1108 2506 1189 pertinaci
2532 1108 2764 1170 dudum

1329 1194 1657 1255 schismate
1701 1215 1738 1254 a
1785 1198 2039 1257 caeteris
2080 1195 2357 1256 discissos
2401 1193 2624 1273 habet,=
2663 1215 2762 1257 re-

1330 1281 1556 1343 ducere
1591 1282 1729 1343 illos
1774 1279 1856 1342 ad
1906 1284 2364 1344 consensionem
2417 1284 2484 1343 in
2533 1303 2763 1345 casnm

1329 1369 1604 1435 studens.
1692 1369 1732 1429 1.
1765 1375 1808 1435 6
1833 1389 1890 1435 c.
1917 1374 1978 1436 2.

1413 1456 1677 1517 Traiecti
1698 1455 1763 1515 in
1776 1456 2110 1517 occiduam
2138 1454 2556 1516 continentem
2579 1456 2763 1518 Amo·-

1324 1542 1532 1622 gabari
1600 1543 2011 1604 crudelissime
2069 1543 2379 1603 Romanos
2450 1544 2763 1626 diripiunt,

1326 1638 1655 1711 praetextu
1701 1651 1826 1691 nou
1865 1630 2208 1692 solutorum
2253 1630 2397 1709 ipsis
2428 1631 2764 1712 stipendio-

1326 1737 1486 1794 rum,
1517 1726 1583 1778 et
1609 1717 1932 1778 victoriam
1961 1739 1995 1777 a
2016 1735 2080 1778 se
2104 1716 2269 1798 apud
2283 1716 2764 1799 Philadelphinm

1327 1803 1405 1865 de
1431 1804 1745 1865 Carmanis
1787 1813 2029 1886 partam
2070 1806 2201 1865 sine
2245 1804 2368 1864 fine
2397 1805 2762 1886 praedican-

1323 1900 1436 1953 tes.
1520 1892 1631 1957 1.ss
1666 1894 1787 1955 c.3
1833 1896 1998 1956 c.1s
2042 1892 2621 1958 c.14etl.⁴7e.1.

1412 1976 1599 2037 Hunc
1634 1976 1794 2035 enim
1825 1985 1980 2055 puto
2010 1996 2138 2037 esse
2162 1977 2367 2037 locum
2392 1978 2662 2058 epochae
2687 1977 2764 2038 li-

1324 2062 1422 2123 bri
1463 2069 1499 2129 7
1531 2063 1711 2124 initio
1739 2061 2096 2143 descriptae.
2183 2083 2326 2123 nam
2362 2083 2433 2124 re
2465 2083 2616 2124 vera
2651 2065 2764 2124 hoc

1323 2160 1599 2231 tempore
1659 2149 2000 2231 contigerat
2046 2148 2250 2213 evolvi
2303 2155 2387 2219 12
2437 2150 2763 2227 Michaelis,

1323 2243 1408 2304 23
1457 2237 1794 2300 Andronici
1838 2257 2089 2302 annum.
2180 2235 2294 2297 etsi
2335 2237 2501 2299 enim
2549 2240 2765 2299 titulus

1323 2322 1510 2385 huius
1547 2325 1695 2387 anni
1725 2325 1790 2384 in
1818 2322 1940 2386 hoc
1967 2333 2180 2386 nostro
2208 2324 2413 2385 indice
2442 2324 2630 2386 mich.
2666 2329 2764 2402 13,

1325 2411 1486 2472 And.
1513 2412 1603 2479 24
1628 2408 1834 2487 habet,
1878 2410 2034 2473 nihil
2062 2411 2290 2492 obstat,
2333 2415 2628 2493 quoniam
2656 2435 2767 2474 noa

1324 2498 1389 2559 in
1413 2499 1599 2559 titulo
1625 2496 1947 2560 inchoatos
1973 2518 2166 2560 annos
2187 2500 2494 2581 ponimus,
2523 2500 2765 2583 Pachy-

1326 2604 1522 2647 meres
1563 2605 1715 2648 vero
1757 2584 1836 2646 de
1863 2586 2158 2648 absolutis
2193 2588 2517 2649 manifeste
2561 2589 2766 2668 loqui-

1324 2682 1450 2734 tur.
1538 2683 1872 2752 utcumque
1923 2673 2112 2756 igitur
2168 2693 2366 2734 annus
2430 2680 2511 2743 18
2559 2674 2766 2753 mich„

1326 2758 1485 2823 And.
1520 2759 1609 2845 24
1642 2761 1706 2820 in
1754 2780 1940 2821 cursu
1979 2769 2156 2837 esset,
2197 2761 2478 2841 expletos
2518 2763 2767 2840 quidem

1324 2868 1519 2910 annos
1543 2866 1867 2909 numerare
1893 2868 2020 2909 non
2051 2857 2342 2931 poterant
2375 2849 2494 2910 nisi
2525 2850 2630 2910 ille
2662 2855 2764 2924 12,

1322 2934 1426 2997 hic
1453 2940 1560 3003 23.
1646 2935 1845 2997 voluit
1868 2946 2074 2998 autem
2091 2981 2108 3011 ,
2154 2936 2393 3016 opinor,
2435 2934 2768 2998 historicus

1321 3024 1428 3084 illa
1454 3023 1696 3083 insolita
1729 3022 1846 3085 sibi
1885 3022 2197 3103 diligentia
2237 3042 2584 3100 annorum,
2625 3024 2768 3103 qui-

1325 3111 1443 3170 bus
1469 3110 1775 3191 principes
1797 3110 2284 3190 imperaverant,
2328 3109 2769 3190 exprimendo-

1324 3217 1466 3257 rum
1508 3196 1795 3278 insignire
1838 3197 2207 3277 principium
2243 3196 2387 3256 belli
2419 3196 2770 3261 Catelaniei.

1325 3283 1471 3345 vide
1505 3282 1670 3343 dicta
1705 3283 1986 3365 superius
2025 3282 2212 3346 huius
2239 3283 2386 3349 libai
2426 3282 2767 3345 chronolo-

1364 3371 1436 3430 'ci
1473 3389 1529 3430 c.
1558 3374 1601 3435 6
1629 3392 1695 3432 n.
1719 3374 1784 3435 8.

1324 3392 1382 3452 8¹
1414 3459 1766 3518 Gennenses
1806 3455 2062 3516 Galatae
2103 3455 2385 3538 degentes
2423 3454 2769 3538 imperato-

1326 3564 1457 3605 rem
1494 3543 1917 3605 Andronicum
1961 3542 2297 3604 admonent
2335 3544 2544 3625 parari
2588 3563 2624 3603 a
2649 3544 2770 3604 Ca-

1322 3632 1540 3692 telania
1569 3640 1784 3692 contra
1800 3631 2107 3692 Romanos
2125 3631 2375 3707 bellum,
2418 3632 2768 3711 expectari-

1325 3739 1445 3800 que
1460 3718 1539 3780 ad
1566 3717 1688 3779 hoc
1709 3718 1935 3779 auxilia
1962 3736 1996 3777 e
2013 3718 2232 3779 Sicilia.
2275 3717 2384 3777 sed
2399 3718 2769 3799 imperatore

1324 3808 1511 3869 fidem
1553 3806 1781 3868 indicio
1823 3825 1953 3866 non
1977 3805 2322 3880 tribuente,
2367 3804 2482 3886 ipsi
2516 3804 2599 3866 ad
2633 3805 2768 3866 bel-

1324 3897 1457 3958 lum
1483 3892 1637 3957 illud
1667 3892 2152 3975 propulsandum
2177 3912 2242 3953 ae
2275 3901 2660 3975 comparant.
2719 3891 2768 3954 1.

1325 3989 1370 4054 6
1399 4004 1457 4047 c.
1489 3987 1535 4052 6
1567 3991 1630 4043 et
1655 4002 1709 4044 c.
1735 3987 1798 4051 9.

1414 4067 1814 4152 Mpyrigerius
1843 4067 2072 4128 Tentza
2098 4066 2418 4127 Catelanus
2457 4086 2604 4127 cum
2649 4085 2768 4126 no-

1329 4177 1469 4221 vem
1502 4158 1693 4238 longis
1718 4155 1978 4217 navibus
2003 4154 2082 4215 ad
2109 4154 2346 4235 Madyti
2377 4162 2634 4235 portum
2655 4171 2768 4233 ap-
2813 4157 2831 4177 ·
2865 4224 2877 4234 ⁸

1329 4246 1542 4328 pellit,
1589 4244 1814 4305 accitus
1844 4264 1880 4304 a
1909 4262 2131 4323 magno
2165 4241 2357 4318 duce,
2399 4259 2584 4320 quem
2609 4238 2662 4298 is
2693 4246 2769 4296 ut

1331 4333 1686 4394 conciliaret
1711 4329 2063 4392 Andronico
2106 4337 2169 4388 et
2208 4328 2522 4390 auctor-ari
2562 4323 2770 4385 hono-

1330 4419 1504 4491 ribus
1527 4417 1970 4503 stipendiisque
2003 4414 2321 4493 auderet,
2362 4413 2446 4475 ad
2477 4430 2623 4474 enm
2661 4429 2771 4471 ac·
