3084 4850
18 609 62 1355 ‘'W-inttu·.·.:·;fl

952 321 1113 394 un.
1155 322 1212 393 1.
1316 290 1885 394 ctosssnnm'
2391 321 2545 398 68⁵

308 494 499 557 lunae
542 500 919 555 menstruum
970 509 1217 554 cursum
1264 488 1551 571 allegoria
1578 489 1844 572 quadam
1873 490 2169 555 aedilicii:
2212 493 2355 575 quia
2386 493 2550 557 enim

307 579 787 643 substructionis
811 579 1055 641 initium
1083 578 1547 640 fundamentum
1572 587 1685 657 est,
1714 578 1965 641 Graecia
1989 577 2220 642 dictum
2241 581 2554 664 θεμέλιον,

301 678 482 732 recte
505 665 823 728 transferri
854 686 1034 748 posse
1063 664 1130 726 id
1158 685 1383 726 nomen
1416 666 1661 748 putavit
1687 666 1767 727 ad
1796 662 2264 746 significandum
2305 668 2554 731 initium

301 764 559 831 motus,
601 773 723 833 quo
753 753 902 814 luna
934 753 1142 814 statim
1171 772 1208 812 a
1236 762 1472 835 puncto
1499 753 1697 814 coitus
1727 773 1868 814 cum
1896 754 2029 816 sole
2063 753 2139 813 ad
2174 774 2405 816 novum
2433 756 2553 818 cir·

302 842 552 903 cuitum
599 858 729 901 aesc
770 838 1007 902 incitat.
1090 839 1254 902 sorte
1291 849 1493 901 autem
1538 840 1933 923 κυριολογίαν
1976 839 2282 922 quandam
2337 851 2555 903 auctor

299 926 522 1011 posuit
559 926 626 987 in
659 945 814 987 voce
846 919 1009 1010 μήν,
1049 936 1123 988 ut
1162 946 1273 1009 per
1313 946 1443 987 eam
1489 926 1724 1008 alioqui
1760 936 1958 988 totum
1993 921 2556 1012 τριακονταήμερον

299 1014 578 1094 spatium
620 1012 871 1093 triginta
890 1055 912 1089 ‚
954 1023 1019 1075 et
1038 1013 1089 1073 si
1119 1012 1269 1094 quid
1293 1013 1603 1089 excurrit,
1646 1013 1884 1075 dierum
1919 1013 2195 1077 indicare
2220 1015 2411 1095 vulgo
2440 1035 2555 1075 so-

299 1101 483 1162 litam
497 1143 519 1178 ,
559 1098 666 1161 hic
691 1100 941 1182 proprie
967 1099 1345 1162 intellexerit
1369 1099 1667 1163 kalendas
1691 1099 1854 1183 ipsas
1881 1099 2009 1163 sive
2034 1103 2298 1208 primam
2326 1100 2552 1163 mensis

299 1187 512 1266 diem3
557 1186 644 1246 ita
668 1194 761 1264 ut,
806 1206 950 1248 cum
979 1186 1137 1248 dicit
1159 1191 1331 1270 μῆνα
1359 1184 1428 1252 δὲ
1447 1187 1712 1274 Ληναίῳ
1735 1179 1951 1269 κράτη
1979 1189 2161 1270 βασις
2187 1187 2394 1252 ἵστατο
2425 1181 2552 1269 μή·

299 1297 464 1355 νης,
505 1272 781 1335 indicare
814 1272 980 1355 quod
1009 1272 1144 1335 dixi
1172 1274 1475 1352 volucrit,
1518 1293 1786 1335 mensem
1816 1275 2091 1336 lunarem
2123 1295 2198 1336 eo
2223 1294 2381 1336 anno
2408 1294 2551 1335 cum

298 1359 480 1422 civili
515 1359 688 1442 paria
718 1359 1070 1422 inchoando
1112 1360 1365 1439 secisse,
1421 1380 1497 1421 ac
1541 1360 1747 1444 primo
1790 1360 1928 1443 ipso
1968 1358 2240 1422 Ianuarii
2279 1363 2547 1442 primum

300 1447 560 1508 inivisse
595 1446 832 1508 lunaris
875 1446 1113 1528 periodi
1153 1446 1337 1509 diem.
1425 1447 1597 1528 quod
1642 1466 1721 1508 ex
1764 1445 1992 1509 tabulis
2014 1445 2323 1532 hodieque
2347 1458 2550 1510 astro-

298 1533 569 1595 nomicis
592 1533 977 1596 verissimum
1004 1532 1503 1616 deprehenditur.
2186 1538 2191 1545 ’

478 1621 711 1705 ἴκταρ
754 1621 921 1703 p.48
952 1640 1009 1682 v.
1026 1620 1091 1688 4.
1137 1621 1362 1682 iterum
1387 1641 1452 1702 p.
1473 1617 1599 1687 155
1627 1638 1691 1682 v.
1710 1622 1814 1687 10.
1872 1617 2241 1703 Hesychius
2265 1615 2336 1686 τὸ
2368 1618 2546 1704 ἴκταρ

299 1708 565 1790 exponit
582 1700 765 1791 λῃύς
773 1728 989 1789 prope.
1074 1705 1238 1769 idem
1265 1706 1449 1769 docet
1474 1704 1834 1769 Euatathiua
1854 1707 1934 1768 ad
1957 1707 2180 1790 Odyss.
2201 1721 2260 1789 ψ
2284 1716 2347 1768 et
2369 1715 2546 1769 uter-

300 1815 430 1876 que
483 1795 703 1857 recitat
741 1802 1099 1876 usurpatum
1136 1794 1379 1856 Platoni
1420 1798 1464 1863 9
1505 1793 1585 1856 de
1618 1795 1775 1877 Rep.
1813 1793 2131 1876 adagium,
2190 1786 2332 1860 οὔδ’
2368 1793 2545 1877 ἴκταρ

301 1878 551 1966 βάλλει,
594 1881 673 1943 de
706 1880 1041 1943 iaculatore
1080 1881 1348 1959 infelici,
1391 1880 1501 1968 qui
1545 1902 1671 1944 non
1709 1881 1907 1943 solum
1948 1902 2077 1943 non
2116 1881 2260 1944 ferit
2289 1901 2547 1965 scopum

299 1969 418 2031 sed
443 1990 524 2030 ne
549 1988 745 2051 prope
773 1967 1015 2050 quidem
1043 1968 1302 2031 accedit.
1386 1968 1467 2030 ad
1494 1966 1658 2030 hanc
1688 1967 1872 2030 huius
1897 1968 2072 2032 vocis
2096 1968 2411 2031 notionem
2444 1989 2547 2028 co·
2580 1970 2627 2027 P
2657 1969 2762 2026 482

299 2057 559 2137 gitatam
591 2056 659 2117 in
689 2054 789 2117 hia
813 2055 969 2117 locis
993 2053 1352 2137 Pachymeri
1388 2054 1955 2137 interpretationem
1993 2053 2319 2137 utrobique
2352 2074 2550 2116 meam

300 2141 812 2213 accommodans,
854 2140 1022 2218 haud
1060 2140 1364 2203 aberrasse
1390 2160 1489 2201 me
1528 2140 1604 2200 ab
1632 2142 1903 2226 qictoris
1942 2140 2239 2203 sententia
2281 2139 2548 2203 confido.

303 2228 591 2290 adiiciam
623 2228 822 2289 obiter
851 2228 1020 2308 quod
1044 2228 1108 2286 in
1137 2236 1403 2288 mentem
1435 2226 1637 2307 venit,
1682 2235 1936 2307 etymon,
1960 2226 2130 2288 vocis
2156 2225 2408 2288 Latinae
2446 2229 2546 2287 in.

301 2326 449 2374 star
491 2335 619 2374 non
665 2312 915 2374 aliunde
953 2311 1153 2374 videri
1196 2333 1377 2393 quam
1407 2312 1482 2373 ab
1514 2310 1634 2374 hac
1661 2312 1890 2374 Graeca
1924 2311 2097 2397 ἴκταρ
2130 2312 2552 2397 repetendum.

302 2409 404 2463 est
443 2400 651 2484 ἴκταρ,
691 2409 766 2462 ut
803 2409 1013 2462 monet
1050 2398 1393 2482 Hesychius
1411 2443 1432 2478 ,
1473 2392 1600 2466 α’πό
1639 2402 1755 2465 τοῦ
1789 2399 2134 2480 ἱκνεῖσθαι,
2178 2401 2345 2483 quod
2369 2409 2550 2463 sonat

292 2491 654 2571 pernam-e,
695 2508 774 2550 ex
818 2508 888 2549 ea
929 2486 1160 2568 origine
1189 2488 1719 2550 accommodatum
1747 2487 1827 2549 ad
1850 2487 2308 2569 significandam
2339 2488 2550 2550 imita-

303 2578 541 2638 tionem
577 2594 690 2637 seu
730 2574 1182 2658 expressionem
1224 2574 1491 2655 formae,
1536 2595 1691 2655 quae
1731 2584 1972 2638 tantum
2012 2596 2141 2637 non
2170 2573 2452 2660 pervenit
2481 2584 2547 2637 et

302 2663 485 2726 abest
508 2662 785 2747 proxime
810 2683 847 2723 a
874 2682 1017 2724 vera
1048 2660 1445 2725 similitudine
1474 2660 1825 2745 archetypi,
1864 2672 1937 2724 ut
1963 2672 2129 2724 recte
2154 2662 2348 2723 instar
2376 2660 2546 2723 illius

302 2751 509 2834 possit
542 2750 771 2812 haberi.
854 2748 1264 2831 grammatici,
1321 2759 1382 2811 et
1420 2748 1486 2810 in
1530 2748 1630 2811 his
1671 2750 2001 2812 novissime
2052 2747 2544 2811 accuratissimus

302 2836 599 2915 Vossius,
641 2838 900 2916 frustra,
944 2836 1011 2898 ni
1054 2837 1273 2914 fallor,
1326 2835 1767 2900 conflictantur
1809 2836 1876 2898 in
1920 2835 2315 2897 extundendo
2351 2833 2544 2896 Musis

300 2924 522 2984 invitis
560 2922 900 3004 veriloquio
937 2923 1109 2986 vocis
1149 2922 1336 2985 huius
1376 2942 1411 2986 e
1449 2922 1637 3004 verbo
1683 2927 1933 2985 instare.
2013 2919 2306 2984 habemus
2348 2941 2426 2982 ex
2465 2939 2542 2982 eo

304 3009 478 3092 quod
520 3009 778 3070 subiicio
812 3009 993 3070 etiam
1031 3009 1272 3071 literam
1312 3031 1390 3089 n,
1433 3029 1512 3071 cx
1552 3034 1591 3074 ν
1627 3014 1742 3076 τοῦ
1784 3008 2092 3091 &alopen
2165 3028 2360 3089 cappa
2390 3024 2539 3070 vero·

305 3097 491 3160 facile
518 3097 685 3157 credi
717 3103 913 3177 potest
942 3095 1020 3156 ob
1051 3094 1420 3179 euphoniam
1447 3095 1755 3159 sublatum
1789 3106 1897 3159 aut
1931 3096 1998 3157 in
2035 3118 2066 3158 s
2088 3095 2444 3178 emollitum
2470 3092 2537 3156 in

301 3184 608 3248 vocabulo
633 3183 849 3244 Latino
881 3186 1104 3244 instar.
1165 3183 1257 3245 sic
1282 3182 1580 3266 opinabar
1596 3204 1617 3245 ε
1660 3184 1932 3247 iudicent
1957 3181 2024 3248 οἰ
2042 3186 2295 3247 τοιαῦτα
2323 3180 2539 3257 δεινοί,

305 3292 574 3354 quorum
618 3271 883 3331 arbitriis
929 3268 1235 3331 obnoxius
1271 3281 1333 3332 et
1367 3271 1565 3333 libens
1605 3279 1847 3336 stetero.
1929 3278 2252 3351 antequam
2308 3267 2541 3344 desino,

304 3361 605 3429 admoneo
650 3358 899 3420 tertium
947 3356 1043 3417 uti
1091 3355 1282 3418 verbo
1327 3356 1452 3420 hoc
1495 3357 1957 3440 Pachymerem‚
2000 3378 2062 3439 p.
2090 3355 2379 3418 nimirum
2411 3360 2542 3424 290

301 3466 368 3506 v.
395 3454 469 3511 1:
518 3438 660 3510 οὐδ’
700 3445 870 3525 ἴκταρ
902 3439 1076 3521 ἄξιον
1103 3444 1401 3525 κρίνουσα
1427 3441 1498 3512 τὰ
1530 3441 1919 3526 συνάλλαγμα
1946 3442 2023 3504 de
2052 3445 2324 3524 Augusta
2350 3451 2544 3504 matre

301 3531 556 3593 Ioannis
589 3532 875 3613 despotae
906 3530 1086 3593 huius
1127 3532 1583 3594 matrimonium
1617 3553 1755 3594 cnm
1790 3530 1916 3591 filis
1950 3530 2210 3592 Chumni
2246 3526 2544 3613 praefecti

303 3617 615 3693 canicleo‚
653 3617 801 3680 licet
827 3618 891 3680 id
930 3619 1316 3681 Andronicus
1359 3632 1534 3703 pater
1565 3620 1850 3702 despotae
1874 3628 2148 3701 optaret,
2189 3618 2387 3699 impar
2426 3613 2543 3675 di-

299 3703 530 3786 gnitati
567 3705 682 3765 filii
721 3704 1004 3771 ducente.
1089 3707 1195 3768 sed
1225 3717 1287 3769 et
1314 3707 1468 3768 alter
1501 3704 1773 3768 occurrit
1801 3704 1976 3767 locus
2006 3726 2066 3788 p.
2098 3707 2228 3773 502
2254 3723 2317 3767 v.
2348 3705 2423 3767 2:
2465 3695 2541 3765 ro*

301 3789 422 3876 μὲν
446 3784 677 3875 ὅσαπερ
705 3788 895 3880 ᾔτουν
918 3787 1188 3873 διδόναι,
1234 3788 1374 3860 οὐδ’
1400 3794 1573 3877 ἵκταρ
1604 3788 1845 3877 βάλλων
1869 3785 2178 3872 οόμενοῦν
2199 3788 2537 3868 ἐδοκίμαζε.

302 3876 612 3958 significat
649 3898 728 3939 ne
764 3880 961 3962 prima
1005 3881 1252 3963 quidem
1288 3882 1653 3962 cogitatione
1689 3888 1867 3940 tenus
1913 3877 2150 3939 venisse
2177 3875 2241 3936 in
2274 3882 2538 3935 mentem

299 3965 665 4049 imperatori
708 3965 854 4027 dare
893 3968 1192 4029 Catelanis
1238 3969 1546 4050 stipendia
1583 3964 1995 4046 flagitantibus
2026 3971 2321 4046 quantum
2347 3978 2540 4044 pecu-

301 4055 445 4117 niae
471 4063 899 4136 poposcerant.
985 4053 1135 4123 vide,
1160 4053 1338 4115 etiam
1369 4077 1431 4137 p.
1460 4057 1591 4123 480
1622 4073 1682 4118 v.
1714 4052 1815 4120 15.

483 4133 729 4213 ἰπνὸς
772 4133 993 4222 ἅγιος
1035 4164 1096 4224 p.
1123 4146 1209 4211 80
1250 4162 1314 4204 v.
1347 4148 1447 4210 11.
1531 4139 1775 4220 vulgata
1812 4135 2066 4198 notione
2107 4126 2284 4209 ἰπνός
2317 4133 2541 4199 furnus

300 4237 430 4306 est,
472 4235 585 4288 aut
627 4224 810 4286 etiam
852 4225 1126 4290 fimetum
1155 4238 1218 4290 et
1246 4225 1692 4309 receptaculum
1736 4224 2027 4285 sordium.
2110 4220 2258 4284 hinc
2279 4222 2347 4282 in
2375 4220 2540 4283 aedi-

297 4313 416 4375 bus
444 4312 637 4376 sacris
667 4312 845 4373 locus
874 4314 940 4374 in
969 4336 1148 4395 quem
1179 4336 1278 4377 res
1312 4333 1516 4375 sacrae
1546 4311 1864 4394 putredine
1894 4309 2143 4372 inutiles
2177 4328 2540 4371 consumen-

299 4400 415 4465 dae
439 4399 866 4487 proiiciuntur
894 4401 1175 4476 Graecis,
1216 4410 1290 4463 ut
1317 4398 1427 4463 hic
1451 4400 1635 4463 docet
1662 4406 1907 4478 noster,
1951 4391 2131 4479 ἰπνὸς
2162 4390 2339 4484 ἅγιος
2378 4393 2536 4459 dici-
