3084 4850
855 264 1014 335 LIB.
1054 263 1167 336 m.
1273 263 2020 339 OERONOLOGIGUS.
2398 263 2549 338 833

305 436 377 496 in
406 434 727 515 Rescripto
758 433 837 494 ad
868 431 1190 496 Eusebium
1222 452 1277 499 c.
1304 430 1393 501 45
1429 431 1774 515 descripto,
1817 454 1941 516 quo
1972 433 2310 517 imperatur
2341 444 2413 495 ut
2441 457 2505 492 m·
2524 473 2544 481 -

304 523 531 585 <zlesiae
562 522 1043 584 Christianorum
1072 520 1296 601 ubique
1321 530 1570 602 sumptu
1600 520 1850 604 publico
1875 521 2305 599 aedificentur,
2350 521 2418 583 fit
2448 524 2544 578 «ti-

302 611 534 671 stincta
572 610 795 670 mentio
819 607 1136 684 draconis,
1181 626 1360 687 quem
1389 605 1492 668 hic
1516 607 1771 669 loannes
1797 608 2043 688 ligatum
2068 618 2380 673 memorat.
2454 613 2546 665 sic·

301 697 472 757 enim
524 695 655 756 illic
698 694 1133 756 Constantinus
1175 693 1487 775 loquitur·
1527 694 1671 758 νυνὶ
1704 692 1774 759 δὲ
1800 699 1912 776 τῆς
1941 694 2291 777 ἕλευθερίας
2315 689 2546 759 ἄποδο-

297 784 560 861 θείσης,
602 781 707 846 καὶ
743 785 856 847 τοῦ
906 778 1251 864 δράκοντος
1288 780 1528 845 ἐκείνου
1573 774 1700 846 aiud
1731 783 1843 861 τῆς·
1876 786 2002 845 ταῖν
2034 804 2262 847 κοινων
2311 776 2545 861 διοική-

299 889 460 944 σεως
510 874 626 934 τοῦ
676 873 839 933 θεοῦ
872 873 984 932 τοῦ
1028 869 1311 950 μεγίστου
1344 869 1644 956 προνοίᾳ,
1697 866 1961 956 viperam
1998 861 2064 933 δ’
2104 867 2410 956 &noenia
2452 869 2545 932 ἐκ

299 955 718 1036 διωχθέντας,
789 976 960 1015 nuno
1018 965 1229 1014 autem
1291 954 1577 1015 libertate
1632 953 1926 1030 reddita,
1986 967 2047 1015 et
2108 932 2390 1015 dracone
2428 957 2541 1014 illa

297 1042 648 1122 (Licinium
700 1042 903 1103 innuit
938 1041 1322 1102 idololatriae
1362 1039 1814 1125 promotorem)
1877 1042 1960 1102 ab
1998 1039 2540 1103 admonete-atione

296 1151 513 1188 rerum
539 1128 640 1189 dea·
663 1132 923 1189 maximi
939 1149 1100 1210 proi·
1088 1126 1339 1187 ’idents‘a
1368 1139 1423 1187 et
1448 1140 1659 1189 nostro
1681 1131 2024 1188 ministerio
2052 1127 2298 1190 deiecto.
2388 1152 2541 1189 cun·

296 1217 573 1296 tigerunt
608 1216 720 1276 ista
752 1217 912 1278 circa
949 1215 1176 1276 Christi
1203 1235 1428 1275 annum
1462 1219 1611 1280 320.
1699 1214 1841 1276 inde
1884 1234 1991 1297 per
2034 1215 2204 1276 mille
2243 1237 2440 1287 annos
2473 1217 2539 1276 in

297 1305 485 1384 plena
530 1304 906 1384 possessione
946 1304 1169 1364 liberae
1215 1302 1385 1384 pacis
1420 1302 1581 1362 intra
1622 1301 1942 1384 imperium
1991 1303 2325 1364 Romanuin
2365 1302 2539 1363 Chri-

297 1390 500 1451 stiana
541 1391 753 1468 religio
802 1390 1168 1473 permansit,
1210 1409 1428 1471 nempe
1471 1409 1660 1470 usque
1697 1390 1776 1450 ad
1821 1410 2048 1450 annum
2088 1387 2315 1450 Christi
2352 1393 2536 1461 1820,

297 1497 429 1556 quo
484 1485 786 1557 tempore,
846 1486 916 1537 ut
963 1476 1264 1552 vidimus,
1325 1475 1659 1537 othmanes
1705 1476 1950 1537 exitiale
1991 1474 2214 1537 Christi
2255 1474 2538 1556 religioni

296 1561 593 1624 fundavit
632 1563 981 1643 imperium,
1026 1563 1431 1624 foedissimam
1460 1559 1824 1624 Mahumetis
1863 1561 2352 1640 superstitionem
2392 1566 2541 1622 orbo.

296 1652 496 1711 ferme
536 1658 670 1709 toto
721 1659 1225 1731 propagaturum,
1272 1668 1347 1710 ex
1381 1668 1497 1728 qua
1537 1669 1664 1710 non
1695 1649 1897 1709 minus
1929 1649 2056 1708 sere
2083 1648 2179 1709 dei
2212 1669 2394 1728 regno
2421 1650 2536 1707 de·-

294 1737 659 1797 trini'entuin
701 1756 880 1816 quain
923 1757 1001 1798 ex
1045 1735 1453 1796 invalescente
1495 1756 1569 1795 ac
1608 1735 1868 1795 subnixa
1897 1735 2044 1795 olim
2070 1755 2280 1816 regum
2317 1735 2536 1816 opibus

294 1824 654 1884 idololatria
710 1823 947 1883 illatum
1007 1831 1114 1887 est.
1204 1822 1460 1882 accessit
1520 1821 1681 1883 circa
1734 1822 1895 1883 idem
1947 1831 2189 1904 tempus
2231 1841 2538 1901 emergens

299 1909 545 1970 WViclesi
574 1909 863 1984 haeresis,
906 1910 973 1969 in
1011 1911 1291 1970 loannem
1333 1908 1554 1969 deinde
1597 1909 1756 1986 Hus,
1803 1906 2169 1987 Lutherum,
2215 1909 2538 1969 Calvinum

296 1998 576 2078 aliosque
605 2007 946 2077 piopagata.
1010 1996 1273 2076 denique
1300 1996 1462 2056 circa
1490 1996 1650 2056 idem
1681 2006 1920 2077 tempus
1951 1997 2178 2057 semina
2208 2007 2360 2057 sunt
2377 1997 2536 2056 iacta

294 2085 497 2165 longi
515 2083 854 2146 schismatis
895 2092 1034 2164 post
1067 2083 1301 2143 obitum
1348 2074 1634 2161 Gregork
1661 2083 1745 2144 X!
1788 2104 1895 2162 per
1921 2104 2114 2144 annos
2143 2102 2328 2163 supra
2362 2104 2536 2143 sexa·

294 2173 469 2252 ginta
526 2171 825 2231 Romanae
878 2169 1037 2230 sedis
1096 2168 1554 2268 auctoritatum
1622 2189 1739 2247 qua
1790 2177 2036 2229 eatenus
2093 2169 2536 2231 ecclesiasticae

292 2256 692 2318 monarchiae
741 2256 904 2316 salus
949 2264 1233 2330 steterat,
1293 2254 1800 2334 perniciosissime
1849 2256 2294 2317 labefactaturi.
2384 2254 2536 2316 haec

292 2345 489 2404 simul
524 2344 639 2403 tria
673 2343 825 2402 mala
859 2341 1181 2403 millesimo
1207 2351 1484 2403 vertente
1519 2350 1656 2422 post
1685 2363 1889 2422 pscem
1923 2365 1955 2402 a
1994 2343 2393 2403 Constantino
2427 2343 2535 2402 da-

292 2443 426 2493 tam
462 2453 622 2492 anno
651 2432 988 2491 exorientia
1010 2476 1026 2505 ‚
1068 2429 1372 2491 solutione
1405 2431 1573 2512 prius
1605 2429 1768 2508 ligati
1796 2434 2050 2491 Satanae
2076 2454 2109 2491 a
2142 2443 2351 2492 sancto
2393 2441 2535 2491 vate

294 2520 713 2593 designantur.
798 2519 863 2578 id
921 2538 1105 2594 vero,
1167 2517 1334 2598 quod
1381 2518 1458 2577 ad
1509 2528 1774 2578 nostram
1831 2519 2078 2600 proprie
2119 2539 2249 2580 rein
2296 2519 2533 2589 attinet,

294 2606 639 2666 adstruitur
701 2626 778 2666 ex
824 2624 893 2665 eo
936 2605 1101 2684 quod
1143 2605 1327 2667 Turci
1365 2605 1734 2665 Ottomanici
1779 2605 1853 2663 ab
1903 2605 2183 2665 omnibus
2230 2605 2535 2665 habentui·

294 2692 556 2769 originis
578 2692 912 2772 Scythicae.
997 2692 1261 2772 Scythae
1286 2702 1485 2752 autem
1514 2712 1590 2752 ex
1619 2692 1825 2771 Magog
1850 2693 2116 2752 secundo
2142 2691 2269 2751 filio
2297 2690 2530 2771 Iaplieti

292 2789 632 2839 memorato
663 2780 816 2840 Gen.
836 2784 915 2845 10
942 2776 983 2842 4
1014 2781 1323 2860 propagati
1348 2778 1517 2838 haud
1540 2778 1725 2837 dubie
1755 2779 2107 2841 creduntur.
2150 2779 2308 2839 idem
2341 2798 2529 2858 porro

288 2867 512 2944 magog
543 2868 672 2941 Gog
706 2887 944 2945 quoque
976 2867 1174 2927 ‘lictus
1208 2887 1318 2946 per
1343 2884 1680 2943 apocopen,
1717 2874 2008 2945 occupata
2035 2864 2289 2924 coloniis
2320 2864 2527 2942 Lydia,

294 2956 499 3030 Gyges
528 2953 892 3012 Graecorum
925 2954 1117 3013 litenis
1146 2953 1379 3033 appella
1388 2963 1480 3011 tus
1512 2952 1716 3012 suerit.
1779 2951 1922 3011 hinc
1951 2952 2178 3011 Plinius
2206 2952 2250 3012 l.
2278 2952 2318 3015 5
2357 2973 2409 3008 c.
2440 2955 2527 3016 23

288 3038 675 3136 Hierapolim
728 3040 938 3118 Syriae
992 3041 1217 3099 dictam
1282 3059 1315 3096 a
1370 3040 1543 3118 Syris
1591 3039 1832 3119 Magog·
1885 3047 2178 3115 testatur,
2235 3038 2525 3098 nimirum

292 3125 584 3204 quoniam
628 3144 694 3184 ea
741 3126 989 3199 civitas,
1049 3137 1122 3186 ut
1169 3127 1347 3185 docet
1387 3126 1684 3185 Lucienus
1740 3125 1898 3186 libro
1944 3126 2019 3186 de
2063 3127 2171 3184 dea
2218 3125 2427 3205 Syria,
2489 3145 2524 3181 a

292 3212 663 3272 Deucalione
700 3211 1034 3272 Promethei
1060 3213 1189 3272 sive
1224 3213 1457 3292 Magogi
1489 3222 1595 3273 aut
1625 3214 1755 3289 Gog
1726 3213 1779 3271 oi
1817 3213 1978 3287 filio,
2024 3210 2382 3293 Scytharum
2412 3228 2526 3269 au-

288 3309 498 3374 ctore,
544 3299 625 3359 sit
672 3299 936 3361 condita.
1023 3318 1178 3376 quae
1218 3297 1314 3359 his
1356 3300 1635 3379 adiungit
1674 3261 1926 3359 lohannes
1968 3299 2042 3358 de
2088 3299 2239 3359 actis
2283 3300 2414 3375 Gog
2464 3307 2525 3357 et

286 3385 509 3465 Magog
552 3406 823 3465 magnam
869 3384 1096 3445 habent
1133 3406 1271 3446 cum
1332 3389 1590 3446 narratis
1636 3388 1708 3446 de
1755 3388 1934 3463 gestis
1991 3385 2521 3446 Ottomsnicorum

284 3473 645 3553 principum
674 3473 1148 3532 similitudinem.
1212 3473 1471 3553 primum
1505 3476 1586 3533 ait
1612 3471 2073 3554 congregandos
2101 3476 2167 3531 in
2183 3472 2521 3554 praelium

288 3581 560 3639 quorum
603 3582 894 3618 numeru-i·
934 3565 1096 3619 sicut
1139 3582 1359 3619 arenae
1404 3564 1634 3636 maris,
1698 3582 1921 3620 monem
1972 3561 2224 3620 istoium
2259 3560 2519 3619 innuens

286 3647 815 3707 numerosissimos
860 3648 1132 3706 armandi
1177 3650 1497 3708 exercitus.
1586 3649 1756 3707 addit
1798 3659 1853 3706 et
1898 3645 2302 3706 ascenderunt
2336 3667 2520 3751 super

286 3732 694 3791 latiemlmem
722 3747 776 3792 te
780 3756 936 3793 rrae
1029 3735 1265 3817 Europa
1295 3736 1546 3806 ori1inis
1578 3737 1840 3795 Graecae
1867 3754 2082 3793 nomen
2117 3744 2204 3794 est
2235 3753 2311 3792 ex
2340 3724 2521 3811 εὖρος

285 3819 565 3878 Ιαιίιηίυ
603 3830 662 3879 et
697 3818 788 3897 ὅψ
824 3815 936 3883 ὄπ(
925 3817 973 3893 ’ς
1002 3833 1205 3879 terra.-
1256 3844 1390 3881 nain
1428 3822 1543 3881 hoc
1580 3821 1880 3882 vocabulo
1912 3820 2276 3899 designatam
2317 3820 2516 3898 Cybe-

285 3906 426 3977 len,
472 3928 586 4006 qna
557 3928 624 3965 ae
652 3911 855 3965 eadem
903 3909 1102 3966 Tellus·
1131 3919 1189 3967 et
1221 3931 1297 3967 m
1299 3920 1409 3967 iter
1440 3932 1568 3986 mag„
1555 3931 1684 3985 na,
1729 3909 1892 3987 apud
1938 3917 2170 3967 veteres
2212 3905 2513 3965 videmus.

284 3994 455 4051 unde
497 3996 708 4072 inopes
753 3996 1072 4055 defunctos
1112 3996 1474 4077 insepultos,
1522 3996 1628 4076 qui
1660 4005 1817 4055 terra
1851 4003 2089 4072 carent,
2135 3991 2466 4071 Virgilius
2452 4013 2517 4050 m

284 4083 329 4145 6
366 4082 505 4138 Aen.
540 4091 718 4138 vocet
751 4082 854 4140 illo
887 4102 1069 4141 versu

620 4166 771 4225 haec
792 4172 992 4227 omnis
1019 4190 1208 4247 quam
1235 4171 1433 4226 cernis
1462 4172 1641 4248 inops
1666 4168 2112 4245 inhumataque
2138 4164 2323 4223 turba
2350 4175 2454 4223 est.

280 4261 344 4310 et
386 4250 691 4310 Ausonius
740 4253 802 4312 in
841 4255 1086 4315 Mosella
1132 4256 1209 4314 de
1244 4256 1472 4315 ossibus
1500 4256 1935 4335 insepultorum
1963 4256 2026 4312 in
2061 4252 2258 4331 campi
2282 4270 2515 4333 super-

279 4336 414 4396 iicie
445 4338 767 4397 iacentium

364 4432 636 4501 Georgius
687 4431 1023 4501 pachymeres
1074 4435 1147 4487 11.
2012 4424 2095 4489 53
