3084 4850
533 358 693 437 796
1142 360 1624 435 OBSERVAT.
1669 362 2151 434 Pscnnmn.

533 529 798 593 cometes
827 528 1062 610 fuerat,
1103 550 1310 593 mense
1333 531 1616 594 ianuario
1641 542 2024 613 conspectam
2053 533 2318 615 eclipsim
2347 533 2554 599 lunae.
2647 537 2819 598 scri-

532 617 632 680 bit
659 627 720 679 et
744 626 1026 680 numerat
1059 639 1231 689 more
1257 620 1645 691 Graecorum,
1730 618 1798 692 hi
1824 621 1984 681 enlm
2013 620 2232 681 mundi
2256 641 2469 696 annos,
2498 640 2627 701 qna
2660 642 2816 684 aera

532 702 720 785 vulgo
758 703 1126 785 utebantur,
1170 726 1208 766 a
1235 706 1573 789 Septembri
1610 722 1815 767 mense
1843 705 2234 768 inchoabant.
2318 707 2488 769 unde
2529 728 2666 769 non
2711 718 2817 770 est

537 790 790 853 dubium
832 790 981 871 quin
1017 811 1129 872 per
1168 802 1535 855 autumnum
1578 793 1722 854 anni
1748 792 1976 854 Christi
2015 798 2178 860 1301
2221 814 2384 856 nova
2422 793 2527 854 illa
2574 795 2814 855 crinita

530 875 708 940 stella
745 887 1065 959 conspecta
1105 879 1173 940 in
1221 879 1390 942 coelo
1423 879 1644 958 fuerit3
1686 880 1836 959 quin
1872 900 1910 940 a
1951 879 2157 941 vernis
2186 880 2493 941 mensibus
2524 881 2814 942 eiusdem

530 964 678 1026 anni
708 965 790 1026 ad
825 964 1009 1027 finem
1038 965 1408 1049 Septembris
1443 966 1787 1048 prodigiosa
1819 965 1956 1043 illa,
1995 986 2180 1047 quam
2211 965 2498 1028 describit
2532 964 2814 1029 histori-

530 1071 640 1113 cus
668 1061 946 1113 extremo
983 1072 1040 1117 c.
1073 1053 1191 1130 14,
1234 1052 1532 1115 exarserit
1559 1054 1711 1115 coeli
1745 1053 2028 1132 ariditas,
2069 1062 2250 1135 prata
2275 1062 2341 1115 et
2365 1062 2594 1134 segetes
2617 1054 2814 1136 plan-

528 1147 748 1218 tasque
787 1138 983 1199 omnis
1020 1139 1253 1219 generis
1294 1140 1558 1202 adurens
1578 1185 1597 1218 ,
1643 1149 1863 1223 puteos
1902 1160 2145 1221 quoque
2189 1160 2484 1222 perennes
2520 1149 2586 1201 et
2621 1141 2810 1202 vivus

529 1224 982 1287 uberrimorum
1011 1226 1276 1288 fontium
1311 1226 1702 1307 scaturigines
1732 1227 2057 1289 exsiccans.
2144 1225 2407 1308 denique
2433 1225 2606 1308 quod
2637 1230 2808 1288 inm

530 1310 720 1388 haec,
763 1309 885 1380 hoc
924 1320 1017 1373 est
1046 1312 1207 1374 circa
1242 1313 1366 1376 hoc
1394 1323 1636 1395 tempus
1651 1357 1670 1389 ,
1712 1322 2098 1375 contractum
2125 1311 2454 1389 historicus
2492 1323 2805 1385 memorat

530 1418 597 1480 p.
626 1395 753 1465 804
775 1417 837 1459 v.
863 1402 926 1477 8,
976 1397 1287 1461 Michaelis
1320 1400 1608 1481 despotae
1651 1419 1794 1460 cum
1820 1399 2090 1463 Tei-teris
2128 1398 2252 1465 filia
2291 1420 2325 1461 a
2363 1400 2528 1469 orale
2548 1400 2804 1465 Serbiae

531 1482 1273 1654 {iffifflaffbss‘zzffizffi
1295 1484 2803 1654 3313333“33.⁰⁶22⁸302fi129.¹‡3¹2¹32232“:

538 1668 704 1718 ctere
750 1657 1203 1740 chronologico,
1268 1680 1392 1741 quo
1429 1659 1699 1720 anterius
1735 1668 1984 1721 narrata
2017 1658 2314 1741 superiori
2360 1680 2527 1721 anno
2569 1658 2800 1731 Christi

537 1745 959 1806 trecentesimo
1008 1767 1193 1827 supra
1232 1746 1613 1807 millesimum
1653 1744 2083 1823 vindicantur,
2128 1746 2318 1806 refert
2356 1746 2658 1827 siquidem
2680 1747 2799 1808 Pa-

537 1830 855 1921 chymeres
879 1853 940 1913 p.
957 1836 1086 1907 302
1104 1853 1162 1894 v.
1181 1835 1224 1898 8
1239 1830 1646 1913 patriarcham
1661 1832 1948 1893 loannem
1963 1833 2240 1895 Cosmam
2264 1852 2328 1893 se
2359 1833 2692 1900 contulisse
2715 1832 2796 1896 ad

409 1994 419 2003 .
538 1917 960 1980 Andronicum
985 1918 1430 2001 imperatorem,
1476 1927 1539 1979 et
1561 1938 1703 1980 cum
1726 1936 1800 1978 eo
1824 1917 2004 1979 simul
2024 1916 2103 1978 ad
2132 1918 2628 1999 Palaeologorum
2659 1941 2796 1980 mo-

538 2006 869 2066 nasterium
896 2004 1075 2066 ivisse
1110 2004 1208 2065 die
1231 2010 1320 2075 25
1354 2004 1671 2079 Octobris,
1714 2023 1870 2082 quae
1899 2013 2051 2066 tunc
2084 2014 2404 2067 numerata
2426 2006 2618 2066 fuerit
2645 2006 2793 2068 saria

540 2088 940 2152 hebdomadis
973 2092 1176 2152 tertis.
1259 2111 1476 2172 nempe
1511 2111 1671 2152 anno
1699 2090 1925 2151 Christi
1957 2093 2124 2161 1300
2148 2090 2436 2154 bissextili
2463 2091 2790 2172 cyclusao-

321 2180 368 2240 Β
404 2181 511 2239 577
540 2177 618 2239 lis
662 2181 743 2244 21
789 2177 997 2240 literas
1038 2178 1424 2241 dominicales
1457 2177 1645 2238 habet
1686 2176 1872 2255 duas,
1915 2177 1963 2237 C
1992 2175 2174 2255 etss,
2214 2176 2790 2260 quarum'postexior

538 2285 681 2327 cum
718 2264 1044 2345 insigniens
1080 2269 1165 2331 23
1195 2265 1480 2327 Octobris
1517 2264 1674 2328 diem
1709 2262 1997 2331 ostendat
2029 2282 2162 2328 eam
2202 2263 2309 2328 illo
2336 2285 2501 2324 anno
2527 2265 2790 2326 domini·

535 2372 671 2414 cam
710 2351 924 2429 fuisse,
976 2350 1353 2417 demonstrat
1391 2352 1622 2434 pariter
1655 2350 1745 2419 25
1783 2349 2053 2413 eiusdem
2089 2351 2312 2412 mensis
2353 2350 2536 2412 fuisse
2580 2352 2790 2412 fes-ism

532 2438 803 2507 tertiam.
888 2458 959 2498 ac
991 2439 1131 2517 quia
1156 2449 1393 2500 caetera
1421 2447 1638 2506 eventa
1663 2446 1798 2498 tum
1826 2447 1969 2499 ante
1998 2446 2142 2500 tum.
2157 2447 2298 2520 post
2323 2438 2505 2499 istam
2526 2439 2790 2520 eclipn'm

535 2545 610 2586 ea
632 2526 757 2586 sere
777 2542 897 2604 qua
921 2532 1087 2605 gesta
1111 2536 1257 2593 sunt
1277 2525 1428 2586 serie
1450 2526 1516 2586 in
1542 2523 1661 2595 hac
1681 2521 1940 2586 historia
1961 2524 2335 2601 referuntur,
2363 2542 2580 2585 eorum
2606 2526 2791 2586 ses-me

536 2611 810 2680 omnium
832 2629 1052 2696 yerum
1079 2620 1320 2694 tempus
1345 2631 1422 2678 ex
1445 2610 1566 2673 hac
1590 2610 1834 2672 coelesti
1856 2620 2005 2671 nota
2031 2610 2328 2691 designari
2355 2620 2594 2694 posset5
2624 2609 2792 2691 quod

534 2698 697 2761 sacili
751 2696 1167 2781 experimento
1215 2698 1720 2775 demonstrarem,
1761 2695 1813 2756 si
1853 2696 2012 2757 tanti
2057 2705 2210 2758 esset
2256 2697 2325 2758 in
2361 2697 2438 2760 iis
2476 2695 2794 2767 immorari

537 2784 790 2848 diutius.
880 2784 1139 2846 sufficiat
1178 2785 1346 2865 quod
1396 2783 1461 2845 in
1508 2804 1581 2844 eo
1622 2801 1840 2864 genere
1870 2783 1945 2843 ad
1989 2783 2232 2845 lectoris
2272 2782 2558 2844 solatium
2589 2781 2795 2844 conati

535 2891 749 2934 sumus
783 2871 980 2953 capite
1019 2871 1238 2935 ultimo
1274 2871 1460 2933 buius
1486 2869 1996 2932 Observationum
2029 2869 2169 2931 libri
2208 2869 2405 2947 tertii,
2442 2868 2555 2930 nbi
2585 2869 2794 2950 plera-

538 2976 661 3038 que
687 2957 858 3018 libris
885 2967 1113 3039 septem
1141 2958 1642 3040 Pacbymerianae
1669 2955 1744 3016 de
1768 2957 1954 3018 rebus
1983 2955 2320 3018 Andronici
2350 2953 2651 3016 historiae
2684 2956 2794 3016 de-

538 3043 768 3123 scripta
799 3043 912 3103 sub
937 3064 1131 3108 unum
1157 3046 1332 3107 velut
1354 3054 1665 3126 aspectum
1689 3044 1757 3104 in
1784 3063 1973 3103 annos
2002 3042 2229 3123 digesta
2255 3043 2641 3107 coniecimua.
2703 3051 2794 3102 est

539 3139 750 3192 tamen
783 3148 860 3189 ex
892 3129 1023 3194 istis
1052 3132 1284 3200 eventis
1310 3151 1500 3192 unum
1531 3131 1716 3212 paulo
1741 3129 2082 3190 intricatius
2107 3128 2514 3210 implicatione
2542 3148 2792 3189 casuum

542 3228 609 3278 et
640 3214 932 3297 ambiguis
974 3215 1473 3278 affirmationibus
1502 3215 1798 3293 auctoris,
1841 3236 2025 3296 quam
2071 3225 2146 3277 ut
2191 3214 2458 3294 relinqui
2509 3234 2548 3272 a
2595 3214 2791 3290 nobis,

542 3304 827 3365 evolvere
868 3303 1296 3384 perplexitates
1331 3301 1784 3380 chronologicas
1810 3300 1933 3361 hoc
1972 3303 2106 3362 loco
2135 3302 2455 3382 professis,
2487 3300 2788 3362 intactum

543 3389 781 3456 debeat.
866 3397 997 3451 esto
1030 3390 1217 3474 igitur
1240 3389 1308 3452 id
1339 3395 1760 3471 argumentum
1787 3387 1997 3468 capitis
2024 3388 2344 3467 sequentis.

1270 3607 1814 3694 CAPUT
1917 3604 2064 3682 VI.

546 3749 891 3820 buticulas
928 3753 1205 3814 rationes
1256 3763 1596 3833 tumorum
1648 3749 1819 3807 circa
1861 3747 2182 3808 Remmia·
2221 3766 2302 3808 ao
2351 3746 2788 3811 eudonem

1244 3861 1343 3900 res
1384 3848 1441 3897 ά
1481 3845 1632 3897 acta
1672 3835 2084 3916 explicarunt.

724 3992 774 4060 1.
862 3994 1038 4070 Quae
1073 3995 1272 4057 tribus
1319 3994 1551 4059 ultimis
1580 3990 1750 4053 libris
1784 3989 1972 4053 huius
2000 3988 2289 4056 hinton-in
2328 3986 2410 4048 ds
2435 3987 2783 4061 nesactio,

543 4081 862 4143 Pliarenda
888 4084 1111 4154 Tzime,
1141 4082 1505 4164 Mpyrigerio
1528 4079 1757 4139 Tentza
1781 4087 1846 4139 et
1866 4076 2223 4159 quibusdam
2255 4071 2384 4134 aliis
2411 4073 2642 4134 latinis
2668 4073 2785 4133 du-

546 4168 749 4243 cibus,
790 4177 926 4229 tum
964 4168 1040 4229 de
1066 4170 1356 4230 militibus
1386 4167 1604 4247 quibus
1633 4173 1981 4245 praeerant,
2023 4161 2322 4224 Catelanis
2357 4167 2422 4219 et
2446 4158 2784 4241 Amogaba·

544 4252 669 4326 ris,
702 4254 966 4333 primum
1005 4256 1400 4317 auxiliaribus
1425 4252 1663 4328 infidis,
1711 4250 1929 4312 deinde
1971 4250 2112 4337 scip
2149 4244 2424 4309 hostibus
2456 4242 2784 4308 Andronici

547 4348 615 4400 et
645 4340 1085 4418 Romanorum,
1131 4344 1516 4412 resa-untur,
1557 4336 1726 4400 haud
1756 4338 1902 4400 satis
1929 4335 2193 4401 dilucide
2227 4331 2514 4396 ordinata
2538 4341 2688 4394 sunt
2711 4329 2784 4388 ab

548 4423 875 4506 historico,
918 4425 1550 4508 velsubfinemlongi
1577 4433 1644 4486 st
1677 4421 2397 4506 laboriosioparisfeaso,
2433 4419 2539 4482 vd
2570 4416 2654 4480 ob
2690 4416 2786 4476 ’m-
