3084 4850
600 328 751 403 738
1210 327 1688 424 ossmtvsr.
1737 327 2218 402 neuma.

607 519 747 562 nem
773 498 837 563 8.
862 497 1123 581 Spiritus
1149 520 1228 560 ex
1250 509 1462 581 patre,
1502 496 1828 560 mediatam
1858 496 2105 578 quidem
2130 506 2432 580 quatenus
2456 517 2540 560 ex
2562 497 2718 560 filio
2750 508 2872 578 eat,

607 606 786 669 quem
829 596 1005 667 pater
1051 587 1299 666 genuit,
1342 584 1526 646 simul
1561 593 1760 646 autem
1797 584 2202 646 immediatam
2230 605 2501 665 quoqne,
2549 587 2871 667 quonian

606 672 775 734 filius
825 672 1052 753 pariter
1091 685 1152 735 et
1194 683 1368 755 pater
1422 672 1721 733 Sanctum
1764 670 2065 752 Spiritum
2105 671 2474 752 producunt.
2561 675 2872 753 Spiritus

606 760 767 822 enim
816 760 1083 819 Sanctus
1126 758 1356 840 (verba
1400 768 1548 819 sunt
1594 757 1918 837 Augustini
1967 758 2010 819 l.
2056 759 2135 824 15
2180 758 2258 819 de
2286 759 2592 820 'trinitate
2626 779 2695 827 c.
2728 761 2870 837 27)

605 867 734 908 non
775 842 852 905 de
882 858 1070 928 patre
1101 843 1385 927 procedit
1413 845 1743 926 infilium,
1779 855 1838 904 et
1871 841 1947 903 de
1963 844 2113 925 ,1ὶίἱο
2126 842 2408 925 procedit
2437 842 2528 903 ad
2551 846 2872 927 annolfi-

606 931 881 993 candam
932 944 1318 1008 creaturam,
1374 928 1487 991 sed
1523 930 1723 990 slmul
1762 928 1837 989 de
1879 942 2141 1022 utroque
2176 929 2493 1011 procedit,
2551 953 2872 1012 quemme

606 1020 882 1100 lcocfils‘o
897 1030 1087 1101 pater
1118 1014 1383 1095 dederit,
1426 1029 1500 1079 ιιι
1527 1011 2046 1098 quemadmodum
2069 1014 2144 1076 de
2166 1039 2265 1095 se,
2311 1022 2406 1077 ιἰα
2433 1014 2509 1076 de
2534 1019 2667 1079 illo
2699 1040 2868 1101 quo-

608 1128 730 1190 que
742 1103 1059 1186 procedat.
1143 1103 1296 1167 haec
1324 1104 1729 1184 Augustinus,
1776 1123 1929 1184 quae
1965 1112 2261 1184 quatenus
2289 1103 2578 1182 mediata,
2629 1115 2868 1186 quate-

603 1213 727 1255 nus
760 1191 1109 1253 immediata
1140 1189 1306 1273 patri
1337 1190 1417 1252 sit
1453 1190 1664 1251 Sancti
1688 1189 1951 1272 Spiritus
1974 1190 2320 1274 processio,
2355 1190 2722 1254 luculenter
2745 1212 2865 1254 ex-

650 1279 864 1340 licant.

604 1301 647 1363 P
783 1385 845 1446 p·
871 1367 955 1432 96
979 1383 1041 1425 v-
1065 1365 1125 1428 8.
1197 1363 1421 1423 sentire
1441 1373 1651 1422 autem
1675 1366 2037 1423 conthauum
2059 1371 2176 1427 etc.
2239 1362 2540 1441 significat
2564 1360 2681 1424 his
2707 1383 2862 1425 ve·-

604 1450 700 1514 bis
735 1450 969 1513 Veccus
1011 1469 1141 1510 non
1182 1470 1361 1533 posse
1401 1449 1701 1512 catholice
1732 1448 1854 1510 dici
1882 1448 2210 1510 dundaxat
2232 1448 2672 1509 immediatam
2707 1471 2862 1531 pro-

607 1536 940 1599 cessionem
984 1535 1193 1596 Sancti
1241 1535 1505 1618 Spiritus
1547 1556 1625 1597 ex
1664 1545 1861 1619 patre:
1906 1535 2222 1597 dicendam
2265 1537 2423 1596 enim
2464 1556 2601 1598 esse
2651 1536 2864 1595 simul

609 1621 1036 1684 ἰηιηιειίίαιαηι
1062 1634 1122 1683 ει
1149 1621 1506 1683 mediatam.
1573 1623 1778 1704 itaque
1801 1621 1902 1682 hic
1930 1622 1997 1687 τὸ
2017 1626 2327 1707 προσεχῶς
2354 1626 2648 1682 continue
2669 1643 2861 1684 usur·

604 1722 793 1794 patur
832 1710 1167 1788 exclusive,
1208 1709 1328 1770 hoc
1357 1719 1445 1770 est
1472 1729 1613 1770 cum
1645 1709 2064 1770 subintellecta
2098 1709 2415 1790 negatione
2442 1707 2860 1770 mediationis

605 1797 815 1859 ullius.
903 1794 1098 1877 qualis
1139 1805 1344 1866 tamen
1386 1794 1588 1874 aliqua
1614 1796 1683 1855 ιιι
1703 1796 2093 1877 processione
2128 1797 2330 1857 Sancti
2362 1795 2626 1877 Spiritus
2663 1818 2702 1856 a
2742 1818 2856 1877 pa-

606 1892 705 1945 tre
744 1880 1126 1963 agnoscenda
1167 1879 1529 1942 orthodoxis
1563 1891 1681 1959 est,
1724 1881 1832 1942 sed
1862 1902 2017 1963 quae
2051 1903 2176 1943 non
2204 1881 2490 1942 excludat
2520 1882 2856 1942 immedia-

606 1979 732 2031 tam
755 1969 946 2050 patris
972 1966 1160 2048 ipsius
1185 1967 1481 2028 actionem
1509 1967 1570 2026 ιιι
1601 1966 2004 2049 productione
2031 1968 2292 2049 Spiritus
2309 2011 2328 2044 ,
2372 1977 2438 2027 at
2459 1975 2707 2028 tantum
2733 1968 2851 2026 ad-

394 2069 433 2125 1³
475 2068 581 2128 527
613 2056 820 2118 mittat
859 2056 927 2115 in
965 2074 1031 2115 ea
1073 2053 1450 2115 consortium
1494 2053 1642 2129 filii,
1686 2055 1784 2114 cui
1827 2053 2000 2136 prius
2030 2054 2263 2116 ratione
2293 2063 2470 2136 pater
2500 2055 2634 2136 ipae
2667 2074 2852 2114 com-

609 2141 1014 2205 municaverit
1057 2148 1119 2200 et
1181 2140 1237 2202 ei
1294 2160 1407 2223 per
1452 2140 1898 2220 generationem
1934 2139 2402 2202 identificaverit
2432 2141 2608 2201 illam
2647 2140 2851 2223 ipsam

611 2250 797 2292 unam
824 2237 885 2289 et
907 2226 1326 2301 individuam,
1370 2248 1552 2309 quam
1581 2228 1711 2307 ipse
1737 2228 2140 2309 originaliter,
2182 2226 2303 2288 hoc
2327 2235 2417 2288 est
2437 2248 2569 2287 non
2592 2226 2850 2289 aliunde

606 2322 867 2377 tractam
912 2314 1019 2376 sed
1055 2314 1411 2375 naturaliter
1434 2313 1869 2375 identificatam
1891 2336 2034 2377 suae
2059 2307 2379 2396 person'ae,
2418 2311 2610 2376 habet
2637 2312 2850 2395 spira-

610 2402 840 2464 tionem
869 2401 1173 2480 activam,
1216 2401 1280 2462 in
1314 2419 1463 2483 qua,
1505 2420 1634 2462 non
1662 2401 1909 2464 solum
1891 2424 1956 2463 ιιι
1987 2411 2204 2464 ιιιιιιιι
2235 2409 2295 2462 et
2319 2401 2577 2463 essentia
2607 2399 2846 2475 divina,

609 2498 786 2572 pater
824 2497 886 2549 et
923 2488 1088 2548 filius
1127 2507 1316 2548 unum
1360 2496 1521 2548 sunt.
1608 2489 1895 2552 audiatur
1928 2492 1989 2555 S.
2015 2489 2330 2550 Anselmus
2363 2485 2516 2549 haec
2537 2489 2848 2568 eleganter

612 2575 924 2656 explicans
963 2573 1006 2635 l.
1056 2572 1133 2635 de
1180 2573 1572 2648 processione
1601 2575 1861 2655 Spiritus
1885 2576 2120 2638 Sancti.
2166 2584 2404 2635 constat
2445 2576 2844 2655 inexpugna-

610 2660 729 2721 bili
770 2662 1013 2719 ratione
1053 2659 1363 2739 Spintum
1404 2643 1704 2719 Sanctum
1747 2683 1872 2721 esse
1921 2660 1995 2721 de
2021 2662 2173 2743 ῙὶΙιο
2208 2662 2397 2720 sicuti
2422 2671 2512 2719 est
2537 2658 2616 2719 de
2637 2671 2842 2741 patre,

613 2769 727 2810 nec
753 2759 960 2806 tamen
986 2766 1111 2804 esse
1140 2742 1216 2804 de
1237 2743 1481 2805 duobus
1508 2743 1770 2807 diversis
1800 2746 1913 2807 sed
1929 2745 2004 2807 de
2028 2769 2174 2810 uno.
2259 2768 2329 2804 ex
2368 2767 2435 2807 eo
2473 2750 2640 2806 enim
2670 2741 2847 2827 quod

606 2844 789 2915 pater
817 2833 1074 2913 etfilc'us
1101 2852 1300 2892 unum
1327 2844 1504 2912 aunt,
1550 2830 1624 2892 id
1647 2843 1734 2891 eat
1763 2854 1834 2894 ex
1861 2831 1994 2913 deo,
2036 2843 2125 2894 est
2156 2843 2211 2892 et
2236 2835 2515 2914 Spiritus
2548 2834 2842 2906 Sancta&

614 2938 742 2981 non
766 2941 837 2980 ex
863 2941 928 2979 eo
959 2916 1124 2979 unde
1148 2919 1270 2978 alii
1293 2930 1437 2981 sunt
1467 2918 1547 2979 ab
1576 2921 1850 2979 invicem.
1936 2917 2048 2980 aed
2069 2921 2363 3001 quoniam
2389 2917 2572 2997 deus,
2614 2915 2692 2978 de
2717 2937 2840 3000 quo

613 3019 702 3066 est
730 3009 1006 3089 Spiritus
1039 3008 1307 3067 Sanctus
1326 3052 1345 3085 ,
1389 3018 1477 3067 est
1488 3017 1675 3088 pater
1711 3019 1767 3067 et
1781 3008 1998 3089 Μαι,
2043 3005 2275 3066 idcirco
2299 3028 2431 3066 vere
2457 3004 2697 3066 dicitur
2718 3024 2841 3065 esse

616 3091 692 3154 de
710 3107 911 3194 patre
916 3093 1160 3175 etfilio,
1208 3095 1320 3175 qui
1346 3094 1471 3156 duo
1502 3104 1670 3156 sunt.
1756 3094 1929 3155 cuius
1956 3093 2112 3154 ratio
2140 3102 2259 3169 est,
2303 3091 2441 3173 quia
2470 3093 2840 3174 principium

616 3181 884 3241 activum
900 3175 1183 3262 Spiritus
1211 3180 1452 3254 Sancti,
1498 3181 1631 3242 sive
1658 3179 1910 3262 spiratio
1933 3181 2174 3256 activa,
2220 3178 2518 3241 eiusmodi
2549 3200 2587 3259 q

612 3265 713 3327 vis
751 3275 872 3344 est,
917 3284 1071 3346 quae
1102 3274 1172 3327 ιιι
1201 3265 1270 3326 ιιι
1305 3276 1505 3326 actum
1537 3276 1713 3328 exeat
1745 3268 1936 3349 exigit
1964 3224 2327 3329 identiiicari
2365 3265 2645 3347 personis
2680 3263 2834 3324 das-

613 3352 764 3429 bus,
829 3371 1087 3432 quarum
1129 3371 1254 3412 una
1297 3371 1376 3413 ex
1420 3352 1610 3413 altera
1653 3355 2037 3435 processerit.
2121 3350 2287 3413 unde
2331 3370 2574 3410 causam
2619 3346 2832 3431 repetit

614 3437 912 3500 Ricardus
940 3436 1295 3499 Victorinus
1332 3438 1378 3500 l.
1390 3437 1446 3503 6
1492 3438 1569 3499 de
1594 3438 1888 3503 Trinitats
1928 3461 1980 3501 c.
2001 3445 2080 3517 7,
2120 3458 2234 3499 cur
2277 3434 2491 3497 ordine
2529 3434 2831 3517 posterior

615 3524 696 3587 sit
740 3521 1052 3606 processio
1096 3524 1158 3584 8.
1197 3524 1456 3607 Spiritus
1501 3526 1879 3605 processione
1914 3526 2050 3588 filii.
2131 3521 2510 3584 naturaliter
2552 3521 2830 3603 (inquit)

608 3612 791 3694 prior
833 3621 920 3669 est
957 3607 1245 3669 dualitas
1275 3631 1465 3691 quam
1493 3613 1791 3676 trinitas.-
1829 3634 1979 3674 nam
2006 3610 2125 3670 illa
2144 3618 2350 3690 potest
2377 3629 2503 3668 esse
2528 3612 2664 3669 aine
2688 3611 2827 3682 iasa,

617 3702 747 3759 ieta
790 3718 928 3759 vero
970 3716 1312 3777 numquam
1352 3700 1485 3756 sine
1537 3698 1673 3757 s‘lla.
1755 3697 2131 3759 naturalster
2172 3697 2388 3777 itaque
2429 3706 2488 3754 et
2525 3695 2830 3777 processio

610 3789 790 3867 prior
821 3802 939 3863 eat,
984 3804 1143 3864 quae
1160 3794 1361 3864 potest
1393 3782 1719 3844 subsistere
1744 3789 1810 3846 in
1821 3802 2230 3868 personarum
2257 3781 2601 3860 dualitate,
2648 3798 2830 3864 quan

617 3873 764 3949 illa,
809 3892 972 3953 quae
998 3890 1122 3929 non
1135 3880 1344 3971 potes't
1363 3892 1489 3931 ease
1510 3873 1643 3931 sine
1658 3891 2066 3951 personarum
2090 3869 2385 3929 trinitate.
2467 3867 2620 3932 hine
2655 3865 2830 3931 intel-

618 3957 830 4038 ligitur
852 3957 919 4018 id
950 3955 1116 4037 quod
1142 3955 1348 4016 innuit
1376 3957 1580 4019 verbis
1607 3977 1789 4057 supra
1819 3955 2138 4037 descriptis
2176 3954 2449 4027 Vocem,
2492 3955 2827 4037 proprieta-

615 4052 742 4105 tem
773 4062 897 4106 esse
925 4042 1341 4104 distinctivam
1370 4043 1776 4126 processionis
1800 4044 1913 4105 filii
1942 4066 1976 4103 a
2002 4041 2381 4124 processione
2404 4040 2670 4123 Spiritus
2694 4040 2828 4099 San·

619 4129 736 4206 cti,
780 4129 949 4211 quod
989 4128 1150 4191 filius
1192 4128 1436 4229 quidem
1480 4129 1774 4213 procedat
1814 4131 1888 4192 ab
1928 4151 2051 4191 uno
2079 4127 2213 4189 solo
2241 4127 2545 4211 principio
2577 4121 2751 4210 quod
2773 4128 2826 4181 οἱ

622 4232 747 4297 quo
765 4253 786 4294 ,
836 4217 910 4276 ab
955 4217 1137 4276 unica
1184 4214 1465 4278 nimirum
1514 4236 1775 4299 persona
1819 4216 2059 4294 divina,
2105 4225 2306 4295 patre,
2348 4222 2409 4275 et
2448 4234 2562 4297 per
2594 4211 2826 4274 unicam

566 4358 573 4364 .
615 4302 1056 4381 generationem
1098 4300 1359 4363 activam
1393 4301 2026 4367 incommunicabilem
2055 4300 2227 4363 alteri
2256 4319 2585 4385 personae,
2628 4293 2828 4379 Spiri-

612 4396 715 4449 tus
740 4405 893 4450 vero
919 4388 1174 4449 Sanctia
1195 4387 1489 4468 procedat
1511 4398 1576 4452 et
1597 4391 1928 4473 procedere
1954 4388 2159 4470 exigat
2177 4406 2288 4471 per
2313 4386 2566 4448 unicum
2591 4381 2826 4466 quiden
