3084 4850
612 364 769 437 690
1229 360 1714 433 OBSERVAT.
1761 360 2246 432 PAOEYMER.

612 540 872 596 vocatus
922 539 1277 594 constanter
1324 529 1796 613 cayuch-chan.
1879 531 2122 615 primus
2179 528 2287 613 qui
2328 532 2642 615 Cayucho
2709 533 2885 595 dece-

612 619 789 683 denti
830 619 1120 681 suffectus
1163 628 1289 696 est,
1334 618 1720 701 Moukakaus
1758 638 1886 679 non
1918 620 2156 680 Cizania
2191 619 2299 681 sed
2331 624 2593 682 Kaanis
2629 621 2887 704 epithe-

611 717 724 770 ton
760 706 1038 768 adscivit.
1122 704 1477 767 Munkakao
1505 715 1753 767 mortuo
1781 715 1841 766 et
1865 707 1997 767 eius
2023 707 2410 768 successione
2440 708 2699 769 incerta
2736 730 2887 789 pro-

615 804 761 879 pter
797 793 1026 854 Kublai
1064 802 1127 854 et
1172 793 1474 870 Aribugae
1518 792 1987 854 candidatorum
2028 793 2269 873 imperii
2306 816 2418 877 per
2446 795 2891 876 duodeviginti

618 901 811 942 annos
848 881 1005 942 bella
1048 879 1252 941 civilia
1273 926 1290 956 ,
1341 879 1609 941 Hulacu
1640 880 1830 941 frater
1858 879 2192 941 Munkakai
2213 927 2233 954 ‚
2274 882 2492 943 missus
2524 884 2792 944 dudum
2819 881 2889 942 ab

613 988 688 1030 eo
717 979 787 1029 ut
815 989 933 1051 pro
961 988 1025 1030 se
1051 976 1352 1048 praeesset
1379 967 1667 1029 Occiduis
1696 967 1940 1048 imperii
1965 968 2298 1042 tractibus,
2344 969 2486 1045 etsi,
2530 991 2887 1051 numquam

612 1055 734 1117 rite
769 1055 968 1116 lectus
1016 1061 1123 1115 aut
1162 1054 1565 1133 inauguratus
1603 1056 1966 1136 imperator,
2031 1052 2196 1115 baud
2234 1056 2508 1117 obtinere
2556 1058 2889 1119 videretur

609 1162 831 1204 verum
866 1142 965 1202 ius
991 1140 1164 1221 regni
1191 1141 1673 1220 Mogulensium,
1719 1151 1924 1210 tamen
1959 1141 2103 1222 quia
2128 1141 2207 1202 de
2238 1145 2400 1203 sacto
2431 1143 2543 1203 tali
2574 1154 2887 1225 potestate

610 1229 1008 1308 fungebatur,
1072 1226 1148 1287 ab
1201 1227 1656 1310 Abulpharagio
1726 1227 2058 1308 aliquando
2116 1228 2465 1310 appellatur
2508 1232 2797 1293 maaca
2835 1232 2887 1290 a

616 1315 820 1378 Chaa.
906 1313 1028 1375 hoc
1070 1332 1220 1374 vero
1261 1326 1505 1375 mortuo
1529 1362 1550 1394 ‚
1601 1314 1706 1374 ubi
1738 1315 2021 1393 legitimis
2038 1298 2352 1397 ‘suffragiis
2379 1319 2575 1394 gentis
2608 1319 2886 1379 colloca·

611 1409 745 1464 tum
774 1402 842 1462 in
869 1401 1316 1481 Mogulensium
1341 1403 1496 1463 solio
1531 1401 1799 1462 Abakam
1832 1402 2070 1464 Hulacu
2104 1401 2303 1464 filium
2336 1405 2548 1465 retulit
2568 1453 2589 1482 ,
2636 1426 2884 1489 semper

613 1489 794 1550 illum
829 1488 1048 1550 deinde
1074 1485 1400 1549 Ababa-il
1433 1490 1613 1550 Clmn
1656 1488 1932 1551 Abakam
1966 1488 2236 1550 Chanem
2280 1490 2586 1567 nominat,
2636 1503 2711 1552 ut.
2756 1513 2883 1552 em..

612 1574 854 1660 phasim
902 1570 1421 1657 αὕτοκρατορικῆς
1467 1574 1858 1638 monarchiae
1900 1577 1966 1636 in
2013 1596 2170 1637 voce
2217 1577 2396 1638 Chan
2444 1599 2570 1639 non
2624 1578 2879 1639 dubiam

614 1674 927 1745 agnoscat.
1013 1663 1291 1725 Cazanen
1336 1664 1594 1740 deinde,
1652 1684 1831 1744 quem
1868 1663 2272 1745 Pacbymeres
2313 1664 2579 1726 celebrat
2634 1660 2879 1747 princi·

613 1770 770 1835 pum
803 1759 1075 1811 veterum
1108 1751 1176 1811 in
1220 1751 1432 1829 paucis
1463 1751 1797 1811 illustrium
1828 1751 2220 1812 ambitiosum
2253 1753 2730 1830 aemulatorem,
2779 1754 2877 1813 sa·

611 1837 737 1899 cile
779 1836 1144 1899 crediderim
1195 1839 1444 1897 Kaanis
1484 1838 1735 1899 secundi
1766 1859 1915 1898 suae
1949 1840 2147 1918 gentis
2175 1839 2359 1919 longe
2386 1839 2715 1901 clarissimi
2738 1861 2877 1900 mo-

614 1923 880 1985 narchae
923 1943 1262 2004 cognomen
1307 1929 1514 2006 potius
1550 1935 1793 2005 optasse
1823 1946 2004 2005 quam
2049 1926 2320 2003 Cleonis,
2369 1927 2541 2007 quod
2588 1927 2657 1986 in
2707 1946 2875 2007 reges

617 2029 863 2093 quoque
888 2029 1033 2071 suae
1058 2009 1253 2092 gentis
1286 2032 1410 2072 non
1439 2011 1891 2072 laudatissimos
1916 2012 2234 2092 vulgatum
2262 2023 2323 2072 et
2354 2014 2421 2073 in
2449 2014 2589 2073 aliis
2620 2015 2874 2095 insuper

615 2098 869 2182 populis
921 2090 1215 2159 usitatum
1272 2107 1546 2159 noverat.
1636 2099 1863 2160 etenim
1918 2098 2199 2159 Sinai-um
2248 2120 2395 2177 rex,
2455 2121 2643 2180 quem
2689 2103 2873 2160 Kana

399 2202 448 2260 Ρ
478 2200 588 2260 486
619 2185 776 2248 vicit
821 2194 883 2246 et
921 2184 1000 2245 ad
1037 2204 1246 2246 necem
1278 2187 1447 2247 ultro
1478 2186 1594 2248 sibi
1625 2186 2120 2247 consciscendam
2159 2185 2396 2267 adegit,
2438 2186 2872 2257 Alma-cza-

593 2274 970 2339 ,nominatus
993 2273 1279 2337 traditur.
1366 2273 1520 2335 baec
1543 2295 1684 2335 cum
1707 2273 1793 2335 ita
1820 2273 1980 2350 sint,
2026 2270 2444 2353 pachymeres,
2487 2275 2587 2334 uti
2612 2284 2678 2335 et
2703 2272 2871 2335 multi

615 2360 723 2423 alii
762 2354 1130 2444 scriptores,
1178 2379 1257 2420 ex
1305 2361 1482 2422 Clian
1521 2371 1585 2422 et
1617 2365 1803 2423 Kaan
1840 2359 2084 2422 unicam
2127 2360 2480 2421 conflarunt
2504 2362 2870 2444 appellatio-

617 2469 796 2526 nem,
838 2448 1230 2526 Tatarorum,
1276 2459 1343 2512 ut
1369 2459 1623 2532 putant,
1667 2450 2038 2532 peculiarem
2066 2449 2455 2531 principum,
2501 2470 2648 2511 cum
2676 2460 2869 2511 tamen

619 2535 738 2611 sit,
795 2555 929 2595 meo
985 2535 1255 2615 iudicio,
1308 2536 1701 2599 verisimilius
1753 2556 1970 2598 vocem
2031 2535 2275 2617 quidem
2324 2538 2512 2596 Kaan
2558 2538 2869 2619 propriam

618 2621 818 2704 gentis
859 2621 1196 2702 Mugulicae
1241 2624 1461 2701 fuisse,
1510 2624 1690 2686 Clmn
1719 2633 1919 2685 autem
1956 2622 2310 2684 sinensibus
2338 2624 2559 2684 saltem
2600 2621 2675 2687 et'
2700 2626 2869 2685 Pras-

621 2709 1142 2786 steiannensibus,
1202 2708 1476 2772 fortassis
1519 2712 1702 2772 etiam
1742 2721 1800 2772 et
1850 2710 1986 2770 aliis
2026 2710 2333 2771 interioris
2372 2711 2556 2771 Asiae
2600 2712 2867 2791 gentium

622 2796 905 2879 dynastis
948 2795 1138 2857 tribui
1183 2806 1499 2878 praeterea
1527 2798 1715 2859 fuisse
1741 2797 2005 2860 solitam.

797 2876 1152 2965 κάραβος
1195 2904 1255 2965 p.
1288 2889 1412 2953 211
1441 2903 1505 2944 V.
1536 2888 1639 2950 16.
1726 2880 2067 2966 Hesychius
2107 2874 2390 2965 κᾶραβον
2435 2903 2470 2941 a
2510 2880 2867 2946 Macedoui-

620 2971 741 3032 bus
787 2970 914 3030 dici
957 2970 1045 3031 ait
1083 2963 1309 3052 πύλην.
1397 2969 1550 3032 haec
1600 2970 1728 3031 sola
1772 2992 1808 3033 e
1847 2971 2063 3032 multis
2098 2968 2284 3029 huius
2321 2969 2496 3029 vocis
2522 2971 2869 3032 notionibus

622 3056 752 3118 huc
791 3056 1087 3138 quadrat,
1135 3055 1283 3118 dum
1321 3078 1390 3118 ea
1431 3079 1550 3141 pro
1589 3067 1805 3118 natura
1835 3057 2138 3118 subiectae
2161 3056 2250 3117 rei
2277 3055 2659 3136 significatos
2698 3068 2871 3140 pute-

623 3164 759 3206 mus
803 3146 1006 3206 exitus
1049 3144 1295 3225 paludis
1326 3145 1459 3208 sive
1500 3144 1737 3206 canales
1765 3144 1949 3206 certis
1974 3142 2132 3205 locis
2160 3143 2433 3205 defossos
2464 3155 2527 3205 et
2554 3144 2711 3206 hinc
2736 3142 2869 3204 iuda

623 3229 811 3311 tignis
860 3231 985 3294 alte
1023 3229 1166 3292 fixis
1212 3233 1482 3294 munitos
1519 3232 1599 3293 ad
1641 3252 1860 3313 aquam
1889 3230 2333 3294 corrivandam.
2417 3228 2647 3292 borum
2677 3229 2870 3313 capita

628 3318 904 3379 extantia
957 3318 1262 3399 tignorum
1318 3321 1589 3403 primum
1639 3319 1989 3382 devinxisse
2033 3318 2297 3379 invicem
2350 3316 2579 3377 validis
2630 3315 2867 3377 funibus

624 3400 1188 3488 Philantbropenus
1231 3404 1335 3468 bic
1380 3417 1700 3485 narratur,
1742 3407 1961 3469 deinde
1990 3404 2345 3467 instravisse
2372 3403 2745 3464 transversis
2783 3413 2869 3462 ta·

626 3488 829 3568 bulis,
873 3499 1008 3551 tum
1039 3489 1160 3553 hoc
1196 3494 1381 3575 plano
1412 3515 1530 3578 pro
1563 3494 1756 3555 fundo
1785 3515 1933 3556 usus
1963 3492 2241 3553 turribus
2280 3487 2611 3565 tollendis,
2659 3510 2696 3552 e
2737 3491 2869 3572 qui-

629 3577 748 3638 bus
773 3597 976 3638 arcem
1000 3591 1399 3662 oppugnaret.
1480 3578 1607 3641 no'n
1635 3601 1732 3642 me
1759 3581 1984 3643 latebat
2027 3599 2166 3639 cum
2199 3575 2354 3636 haec
2386 3574 2723 3638 scriberem
2760 3573 2869 3641 ια’-

628 3663 829 3747 ραβον
869 3684 1087 3725 navem
1132 3687 1373 3747 quoque
1430 3666 1792 3747 significare.
1875 3686 2017 3738 nam
2050 3674 2112 3725 et
2143 3662 2292 3724 alibi
2322 3659 2487 3722 hanc
2516 3674 2867 3744 usurpatam

629 3771 668 3813 a
706 3750 1078 3834 Pachymere
1108 3773 1324 3816 vocem
1348 3755 1435 3817 sic
1462 3774 1596 3815 sum
1626 3745 2081 3834 interpretatus.
2165 3748 2307 3810 ideo
2338 3759 2545 3812 tamen
2578 3750 2733 3812 mibi
2760 3749 2868 3812 mi-

628 3858 751 3900 nus
780 3839 1113 3902 veiisimile
1141 3841 1339 3902 visum
1380 3851 1501 3919 est,
1562 3838 1632 3900 id
1669 3839 2040 3900 vocabulum
2089 3837 2208 3897 isto
2251 3837 2393 3898 loco
2434 3858 2469 3896 a
2514 3848 2737 3900 nostro
2772 3836 2868 3898 bi-

631 3924 861 3988 storico
889 3928 956 3988 in
986 3924 1104 3987 bac
1125 3928 1366 4007 vulgari
1392 3929 1645 3990 notione
1671 3937 2053 4009 usurpatum,
2098 3923 2267 4006 quod
2294 3925 2639 4000 naviculas,
2688 3942 2868 4005 quau-

632 4013 920 4075 tumlibet
941 4014 1106 4076 inter
1128 4034 1193 4076 se
1221 4015 1491 4093 vinctas,
1535 4016 1879 4075 innatantes
1911 4024 2146 4092 stagno,
2188 4031 2404 4093 parum
2436 4011 2711 4073 solidum
2735 4012 2867 4071 fun·

635 4096 786 4161 dum
842 4101 1250 4163 existimarem
1306 4102 1718 4185 poliorceticis
1767 4100 2066 4161 machinis
2102 4098 2506 4178 sustinendis,
2550 4105 2743 4182 prout
2781 4095 2867 4156 t·-

636 4194 806 4246 ctum
832 4188 964 4249 illic
991 4200 1301 4251 narratum
1335 4191 1550 4272 exigit.
1639 4189 1780 4271 quia
1807 4200 2010 4248 tamen
2036 4185 2314 4268 exempla
2347 4206 2477 4247 non
2508 4186 2733 4247 desunt
2745 4204 2868 4333 εἰ

635 4264 879 4349 εὔνων,
923 4273 1414 4336 obsidionalium
1454 4281 1764 4354 turrium,
1807 4284 1869 4335 et
1910 4271 2328 4334 machinarum
2360 4271 2429 4333 id
2470 4292 2705 4352 genus,

633 4354 911 4436 πόλεων,
954 4361 1215 4423 navibus
1247 4363 1672 4447 impositarum
1704 4364 1770 4423 in
1798 4359 2358 4443 oppugnationibus
2382 4357 2745 4419 litteralium
2771 4373 2868 4413 ⁸1·-

632 4439 834 4517 cim¹¹3
873 4444 929 4504 *ἰ
958 4445 1060 4507 cui
1086 4448 1476 4531 prudentiori
1506 4470 1606 4512 me
1627 4449 1841 4512 lectori
1867 4445 2264 4532 praeferenda
2288 4443 2611 4507 videratur
2639 4438 2867 4522 simpli·

1898 4793 2019 4810 --
