3084 4850
624 326 784 406 704
1246 328 1726 407 OBSERVAT.
1764 331 2249 406 Pacatum.

623 496 929 576 bitorum3
972 497 1177 582 qualia
1210 517 1381 563 nnnc
1404 509 1877 581 auctoramenta,
1918 498 2277 582 gravissimo
2310 499 2687 585 reipublicae
2715 512 2877 566 tem-

593 622 597 626 ·
622 605 810 669 pore,
852 587 1085 649 remitti
1112 609 1148 649 a
1175 585 1272 649 ius
1300 587 1672 651 habentibus
1711 588 1791 650 ad
1830 587 1933 650 illa
1961 588 2350 669 conferrique
2376 588 2455 650 ad
2483 589 2743 653 militem
2766 612 2876 653 no-

621 692 772 735 vum
801 674 1300 754 conducendum,
1342 674 1687 738 decrevisse
1724 675 2153 757 imperatorem
2177 676 2365 737 refert
2394 674 2729 739 historicus
2755 676 2877 739 hoc

613 757 792 830 loco,
836 760 1067 824 addens
1108 770 1315 823 tamen
1347 772 1677 844 exceptum
1714 762 1904 823 fuisse
1930 759 2393 843 μονοκελλικόν,
2436 764 2605 844 quod
2636 765 2875 828 salvum

610 846 1069 929 possidentibus
1115 858 1408 913 maneret.
1512 848 1666 931 quid
1708 848 1881 910 aliud
1917 850 2200 930 suspicer
2246 870 2425 930 quam
2466 851 2555 911 ita
2592 862 2875 913 vocatam

610 944 848 1015 partem
879 935 1244 1017 pensionum
1272 933 1543 1017 praecise
1575 935 1976 998 necessariam
2007 936 2089 996 ad
2118 936 2347 997 victum
2379 936 2712 1016 diurnum·
2756 959 2874 1020 quo

608 1020 847 1102 privari
896 1021 1320 1104 pensionarius
1378 1022 1593 1102 utique
1645 1043 1771 1083 non
1825 1021 2166 1104 oportebat.
2266 1021 2478 1101 κέλλα,
2536 1044 2613 1085 ex
2654 1026 2877 1087 Latino

612 1108 807 1182 cella,
851 1129 1079 1190 penum
1101 1128 1230 1170 non
1261 1129 1403 1170 rano
1433 1108 1758 1215 significat,
1807 1107 2170 1192 apothecam
2200 1109 2546 1190 quotidiani
2577 1109 2875 1175 alimenti.

613 1192 832 1274 quidni
874 1214 1017 1274 ergo
1059 1189 1499 1278 μονοκελλικόν
1543 1195 1913 1258 demensum
1926 1196 2304 1276 intelligatur
2330 1196 2552 1278 cuique
2583 1209 2876 1260 auctora-

615 1289 827 1342 torum
851 1302 885 1343 e
901 1282 1066 1343 fisco
1094 1283 1466 1364 descriptum
1493 1285 1571 1344 ad
1600 1283 1922 1355 alimenta;
1949 1293 2192 1364 praeter
2220 1283 2387 1364 quod
2412 1284 2570 1345 istae
2596 1285 2876 1367 plerum-

617 1387 737 1448 que
770 1368 1092 1449 pensiones
1119 1369 1515 1432 abundabant
1537 1371 1619 1431 ad
1648 1380 2002 1432 ornamenta
2026 1380 2090 1431 et
2120 1370 2323 1431 minus
2351 1373 2732 1433 necessarias
2765 1393 2879 1434 ex-

614 1474 857 1537 pensas.
941 1478 1122 1540 saepe
1164 1457 1285 1538 legi
1337 1457 1507 1541 apud
1551 1457 1906 1519 Ciceronem
1948 1456 2014 1519 in
2061 1456 2332 1518 Vei-riuis
2377 1456 2509 1518 dari
2558 1459 2813 1521 solitum
2838 1481 2872 1520 a

615 1542 938 1623 provincia
985 1543 1439 1624 magistratibus
1489 1544 1775 1605 Romania
1815 1544 1870 1605 ei
1914 1543 2212 1623 regendae
2256 1542 2448 1604 missis
2463 1546 2873 1623 frumentum

619 1630 690 1688 s‘n
736 1629 958 1690 cellam
996 1642 1104 1693 aut
1138 1630 1459 1712 pecuniam
1499 1632 1667 1693 unde
1714 1629 1778 1693 id
1823 1641 2128 1709 emerent,
2182 1629 2303 1690 hoc
2353 1640 2481 1709 est,
2528 1641 2600 1694 ut
2626 1633 2868 1716 opinor,

402 1724 445 1780 Ρ
480 1726 587 1786 497
621 1716 788 1779 unde
823 1737 1095 1779 mensam
1136 1717 1254 1778 sibi
1299 1728 1362 1779 et
1395 1717 1666 1779 familiae
1709 1717 2125 1798 quotidianam
2157 1717 2556 1782 instruerent.
2618 1722 2868 1802 pensio-

616 1822 769 1865 num
791 1803 982 1883 igitur
1015 1804 1313 1865 fiscalium
1341 1804 1645 1886 quidquid
1678 1804 1902 1885 cuique
1950 1804 2288 1865 abundaret
2323 1825 2507 1887 supra
2538 1827 2711 1868 mere
2747 1829 2867 1869 ne-

614 1889 934 1951 cessariam
963 1891 1126 1954 vitae
1155 1890 1504 1952 tolerandae
1538 1911 1875 1968 annonam,
1920 1891 2187 1953 conferri
2221 1891 2301 1951 ad
2326 1893 2604 1952 delectus
2630 1892 2864 1954 haben-

610 1975 776 2039 dos
755 1996 1024 2055 iussum,
1072 1978 1203 2041 sola
1223 1978 1421 2039 victui
1465 1977 1823 2083 quotidiano
1848 1976 1940 2056 sic
1971 1986 2426 2038 auctoratorum
2457 1988 2638 2060 parte
2664 1980 2863 2042 suffe-

609 2073 784 2125 ctura
817 2064 1050 2142 relicta,
1094 2084 1274 2146 quam
1298 2062 1401 2125 hic
1426 2059 1861 2148 μονοκελλικὸν
1891 2063 2018 2126 dici
2045 2075 2373 2127 autumem.
2461 2066 2638 2146 quod
2675 2066 2729 2129 si
2758 2065 2859 2129 cui

605 2149 778 2214 haud
813 2151 1077 2233 placet,
1106 2152 1277 2214 aliud
1304 2161 1606 2232 suggerat.

780 2232 1301 2322 Μουγοῦλιοι
1331 2260 1393 2320 Ρ.
1415 2244 1630 2308 6202
1669 2243 1750 2307 17
1794 2248 1944 2323 etp.
1969 2241 2187 2307 637v.
2220 2241 2321 2305 10.
2397 2257 2552 2319 quos
2576 2238 2855 2321 plerique

427 2376 432 2381 .
595 2324 957 2387 Latinorum
998 2327 1332 2405 Tartar-os,
1395 2326 1613 2389 Graeci
1639 2326 1866 2408 passim
1899 2337 1962 2388 et
1995 2324 2218 2387 Arabes
2256 2328 2316 2386 1
2309 2336 2560 2403 aeae-os·
2618 2324 2857 2407 Pachy-

448 2440 468 2491 ον
594 2434 791 2476 meres
829 2411 1137 2474 {lbchatoa
1164 2412 1476 2497 (Plinium
1513 2421 1800 2494 secutus,
1859 2412 1964 2494 qui
1991 2412 2035 2474 l.
2062 2418 2103 2480 6
2133 2434 2185 2475 ο.
2219 2417 2298 2479 17
2338 2413 2503 2473 inter
2533 2373 2851 2495 Scythicas

594 2510 805 2582 gentes
833 2500 1058 2563 diserte
1091 2499 1399 2562 Tocharos
1433 2508 1741 2579 recenset;
1788 2522 1915 2562 non
1960 2499 2143 2582 longe
2172 2499 2502 2562 abludente
2516 2501 2849 2601 Strabone,

596 2588 709 2669 qui
751 2586 909 2648 libro
941 2592 1016 2654 11
1052 2588 1296 2649 eosdem
1336 2585 1645 2648 Tacharos
1686 2582 2018 2669 appellat),
2075 2608 2179 2649 eos
2223 2587 2464 2648 dixerat
2510 2588 2631 2647 iam
2664 2588 2785 2648 vol.
2818 2586 2851 2648 1

594 2676 773 2742 idem
818 2672 1151 2736 historicus
1203 2682 1446 2748 noster,
1492 2694 1560 2755 Ρ.
1600 2674 1729 2741 844
1774 2694 1840 2738 v.
1886 2673 2004 2751 15,
2056 2694 2202 2735 sese
2228 2674 2395 2754 ipsos
2439 2694 2666 2734 vocare
2693 2675 2851 2734 Mu·-

594 2763 809 2845 gulios
857 2760 1265 2823 consuevisse.
1352 2761 1748 2842 Megalenses
1800 2768 2153 2822 constanter
2195 2760 2462 2842 appellat
2520 2760 2847 2840 Gregorius

595 2844 1138 2929 Abulpharagius
1120 2869 1188 2909 ιιι
1219 2848 1677 2909 accuratissimo
1701 2846 2005 2908 Chronico
2027 2846 2263 2907 arabice
2284 2845 2523 2926 scripto
2553 2848 2673 2906 sub
2691 2847 2847 2908 idem

595 2946 877 3018 tempus,
923 2944 1029 2997 aut
1054 2956 1179 2997 non
1210 2935 1408 2996 multo
1450 2934 1731 3031 superius
1772 2955 1953 3016 quam
1980 2954 2152 2994 auam
2198 2931 2360 2993 hanc
2383 2930 2708 2995 historiam
2737 2935 2847 2994 Pa-

599 3023 915 3105 chymeres
946 3032 1476 3086 commentaretur.
1535 3001 1687 3104 quin
1714 3031 1775 3083 et
1804 3023 2086 3103 Aytonua
2115 3020 2384 3082 eiusdem
2417 3020 2553 3080 aevi
2584 3022 2846 3102 scriptor

601 3130 658 3170 ο.
691 3114 772 3178 16
803 3110 1105 3172 Historiae
1130 3129 1271 3171 suae
1306 3109 1658 3186 orientalia,
1702 3128 1860 3190 quae
1885 3109 2098 3169 Latine
2120 3116 2309 3185 extat,
2351 3104 2570 3189 Moglc‘
2603 3109 2843 3169 eosdem

596 3195 905 3257 vocitatos
954 3206 1270 3259 memorat.
1354 3196 1523 3278 quod
1565 3215 1791 3258 nomen
1845 3196 2252 3257 Leunclavius
2306 3193 2547 3255 indicat
2593 3192 2843 3277 proprie

599 3283 943 3363 designasse
973 3282 1210 3363 aliquot
1245 3283 1581 3363 singulares
1617 3283 1884 3365 populos
1924 3279 2179 3368 (septem
2222 3281 2297 3342 ab
2337 3283 2585 3361 Aytono
2631 3297 2842 3339 nume-

593 3369 842 3447 rantur)
890 3370 1197 3430 communi
1240 3368 1614 3430 Tocharicae
1656 3379 1761 3432 aut
1809 3371 2124 3431 Tataricae
2179 3366 2376 3447 gentis
2434 3365 2839 3446 appellatione

594 3457 896 3533 censitos,
938 3455 1023 3515 ita
1052 3465 1120 3516 ut
1144 3454 1434 3516 adiuncto
1467 3454 1733 3536 quodam
1764 3456 1929 3519 inter
1953 3477 2019 3517 se
2045 3455 2572 3528 discernerentur,
2615 3472 2840 3535 quem-

592 3543 927 3611 admodum
967 3543 1033 3602 in
1071 3538 1290 3604 Gothis
1329 3540 1718 3622 Ostrogothis
1759 3540 2087 3622 visigothis
2113 3539 2247 3601 fieri
2296 3537 2593 3600 videmus.
2680 3560 2839 3615 nam,

590 3642 664 3693 ut
687 3630 741 3692 is
770 3630 1039 3713 scriptor
1068 3629 1175 3709 ait,
1220 3630 1509 3711 Sumoglc'
1532 3628 1893 3690 dicebantur
1915 3627 2164 3688 accolae
2189 3624 2397 3686 Tatari
2423 3625 2646 3705 amnis,
2687 3645 2838 3708 quae

588 3738 719 3782 vox
758 3718 1032 3798 ipsorum
1075 3716 1286 3797 lingua
1327 3717 1656 3797 Muguls’os
1702 3717 2034 3798 aquaticos
2074 3711 2409 3793 significet3
2485 3734 2561 3775 ac
2599 3712 2695 3775 sic
2731 3712 2833 3773 alii

585 3805 719 3868 aliis
750 3803 1111 3866 differentiis
1141 3804 1221 3864 ad
1250 3805 1533 3865 notitiam
1565 3801 2031 3882 insignibantur.
2118 3799 2297 3861 huius
2341 3821 2531 3879 porro
2561 3799 2832 3882 peculia·

583 3892 964 4040 ῗὲἔιξὶῖὲὲῗ.
980 3887 2830 4080 &2²53ssssae”;2.ffl⁰ffl23323.333232”¹2.353.ffl‘.2

585 4065 910 4148 proprium
954 4066 1076 4127 suit
1120 4064 1274 4126 illud
1320 4065 1651 4167 imperium
1696 4064 1865 4144 quod
1907 4063 1984 4126 ab
2024 4084 2183 4124 anno
2229 4060 2459 4124 Christi
2503 4066 2676 4129 1202
2719 4076 2825 4140 per

590 4161 831 4213 centum
865 4162 925 4213 et
960 4153 1122 4233 quod
1147 4155 1422 4214 excurrit
1447 4173 1642 4214 annos
1671 4151 1793 4213 late
1820 4171 1931 4233 per
1959 4150 2161 4212 Asiam
2201 4161 2263 4212 et
2308 4157 2549 4231 partem
2570 4149 2824 4226 δορια-

584 4238 866 4298 trionalia
897 4240 1174 4321 Europae
1201 4242 1433 4341 magnis
1459 4237 1858 4303 victoriarum
1888 4239 2258 4300 successibus
2284 4234 2605 4310 inclaruit;
2652 4229 2819 4293 cuins

584 4325 726 4403 quie.
753 4345 930 4404 saepe
958 4337 1164 4389 noster
1187 4327 1486 4406 meminit,
1529 4326 1717 4388 breve
1749 4325 2057 4408 specimen
2090 4328 2301 4388 damus
2329 4345 2383 4386 c.
2403 4325 2444 4388 7
2476 4322 2519 4382 l.
2548 4323 2589 4384 8
2610 4317 2821 4378 huam

584 4411 1116 4477 Observationum.
1205 4412 1653 4497 Gisgischanes
1682 4413 2003 4493 videlicet,
2045 4424 2263 4478 auctor
2287 4410 2416 4475 eius
2440 4405 2705 4492 imperii,
2746 4418 2821 4463 Β
