<?xml version="1.0" encoding="UTF-8"?>
<!DOCTYPE html PUBLIC "-//W3C//DTD XHTML 1.0 Transitional//EN"
    "http://www.w3.org/TR/xhtml1/DTD/xhtml1-transitional.dtd">
<html xmlns="http://www.w3.org/1999/xhtml" xml:lang="en" lang="en">
 <head>
  <title>
</title>
<meta http-equiv="Content-Type" content="text/html;charset=utf-8" />
  <meta name='ocr-system' content='tesseract 3.04.00' />
  <meta name='ocr-capabilities' content='ocr_page ocr_carea ocr_par ocr_line ocrx_word'/>
</head>
<body>
  <div class='ocr_page' id='page_1' title='image "./corpusscriptoru12unkngoog/corpusscriptoru12unkngoog_0764.png"; bbox 0 0 3084 4850; ppageno 0'>
   <div class='ocr_carea' id='block_1_1' title="bbox 718 268 2411 345">
    <p class='ocr_par' dir='ltr' id='par_1_1' title="bbox 718 268 2411 345">
     <span class='ocr_line' id='line_1_1' title="bbox 718 268 2411 345; baseline 0.004 -6"><span class='ocrx_word' id='word_1_1' title='bbox 718 268 877 339; x_wconf 71' lang='grc' dir='ltr'><strong>ΠΒ.</strong></span> <span class='ocrx_word' id='word_1_2' title='bbox 901 269 1022 339; x_wconf 89' lang='lat'>111.</span> <span class='ocrx_word' id='word_1_3' title='bbox 1097 268 1853 343; x_wconf 72' lang='lat' dir='ltr'><strong>cunonomfllctss.</strong></span> <span class='ocrx_word' id='word_1_4' title='bbox 2257 269 2411 345; x_wconf 61' lang='lat'><strong>²83</strong></span> 
     </span>
    </p>
   </div>
   <div class='ocr_carea' id='block_1_2' title="bbox 112 430 2624 4466">
    <p class='ocr_par' dir='ltr' id='par_1_2' title="bbox 142 430 2527 2682">
     <span class='ocr_line' id='line_1_2' title="bbox 142 430 2414 522; baseline -0.001 -16"><span class='ocrx_word' id='word_1_5' title='bbox 142 444 245 506; x_wconf 81' lang='lat' dir='ltr'><strong>ris</strong></span> <span class='ocrx_word' id='word_1_6' title='bbox 285 453 607 506; x_wconf 82' lang='lat' dir='ltr'><strong>curatores</strong></span> <span class='ocrx_word' id='word_1_7' title='bbox 644 440 857 502; x_wconf 82' lang='lat' dir='ltr'><strong>missas</strong></span> <span class='ocrx_word' id='word_1_8' title='bbox 874 486 894 521; x_wconf 80' lang='lat'><em>‚</em></span> <span class='ocrx_word' id='word_1_9' title='bbox 940 459 1098 522; x_wconf 78' lang='lat' dir='ltr'><strong>quse</strong></span> <span class='ocrx_word' id='word_1_10' title='bbox 1122 439 1271 502; x_wconf 91' lang='lat' dir='ltr'><strong>satis</strong></span> <span class='ocrx_word' id='word_1_11' title='bbox 1300 438 1584 503; x_wconf 84' lang='lat' dir='ltr'><strong>indicant</strong></span> <span class='ocrx_word' id='word_1_12' title='bbox 1607 461 1735 505; x_wconf 84' lang='lat' dir='ltr'><strong>non</strong></span> <span class='ocrx_word' id='word_1_13' title='bbox 1760 430 2028 503; x_wconf 77' lang='lat' dir='ltr'><strong>abfuisse</strong></span> <span class='ocrx_word' id='word_1_14' title='bbox 2051 449 2206 503; x_wconf 76' lang='lat' dir='ltr'><strong>tunc</strong></span> <span class='ocrx_word' id='word_1_15' title='bbox 2234 439 2414 504; x_wconf 70' lang='lat' dir='ltr'><strong>iilum</strong></span> 
     </span>
     <span class='ocr_line' id='line_1_3' title="bbox 146 527 2414 611; baseline 0.001 -20"><span class='ocrx_word' id='word_1_16' title='bbox 146 533 231 592; x_wconf 88' lang='lat' dir='ltr'><strong>ab</strong></span> <span class='ocrx_word' id='word_1_17' title='bbox 259 531 451 593; x_wconf 87' lang='lat' dir='ltr'><strong>urbe:</strong></span> <span class='ocrx_word' id='word_1_18' title='bbox 496 548 639 589; x_wconf 85' lang='lat' dir='ltr'><strong>nam</strong></span> <span class='ocrx_word' id='word_1_19' title='bbox 669 529 719 589; x_wconf 91' lang='lat' dir='ltr'><strong>ai</strong></span> <span class='ocrx_word' id='word_1_20' title='bbox 750 529 870 588; x_wconf 87' lang='lat' dir='ltr'><strong>iam</strong></span> <span class='ocrx_word' id='word_1_21' title='bbox 907 536 1056 589; x_wconf 92' lang='lat' dir='ltr'><strong>tunc</strong></span> <span class='ocrx_word' id='word_1_22' title='bbox 1088 527 1614 608; x_wconf 75' lang='lat' dir='ltr'><strong>peregrinaretur,</strong></span> <span class='ocrx_word' id='word_1_23' title='bbox 1666 549 1796 590; x_wconf 83' lang='lat' dir='ltr'><strong>non</strong></span> <span class='ocrx_word' id='word_1_24' title='bbox 1830 535 1957 596; x_wconf 67' lang='lat' dir='ltr'><strong>tam</strong></span> <span class='ocrx_word' id='word_1_25' title='bbox 1993 527 2119 591; x_wconf 83' lang='lat' dir='ltr'><strong>cito</strong></span> <span class='ocrx_word' id='word_1_26' title='bbox 2151 528 2414 611; x_wconf 70' lang='lat' dir='ltr'><strong>pedm-i</strong></span> 
     </span>
     <span class='ocr_line' id='line_1_4' title="bbox 147 614 2414 698; baseline -0.002 -18"><span class='ocrx_word' id='word_1_27' title='bbox 147 620 235 680; x_wconf 82' lang='lat' dir='ltr'><strong>ad</strong></span> <span class='ocrx_word' id='word_1_28' title='bbox 285 638 430 679; x_wconf 83' lang='lat' dir='ltr'><strong>eum</strong></span> <span class='ocrx_word' id='word_1_29' title='bbox 472 614 678 678; x_wconf 85' lang='lat' dir='ltr'><strong>nuntii</strong></span> <span class='ocrx_word' id='word_1_30' title='bbox 714 614 930 676; x_wconf 87' lang='lat' dir='ltr'><strong>mortis</strong></span> <span class='ocrx_word' id='word_1_31' title='bbox 970 615 1179 696; x_wconf 79' lang='lat' dir='ltr'>Cyprii</span> <span class='ocrx_word' id='word_1_32' title='bbox 1228 616 1605 697; x_wconf 78' lang='lat' dir='ltr'><strong>potuissent,</strong></span> <span class='ocrx_word' id='word_1_33' title='bbox 1645 626 1716 677; x_wconf 89' lang='lat' dir='ltr'><strong>ut</strong></span> <span class='ocrx_word' id='word_1_34' title='bbox 1759 614 1983 693; x_wconf 83' lang='lat' dir='ltr'><strong>exiguo</strong></span> <span class='ocrx_word' id='word_1_35' title='bbox 2026 614 2141 676; x_wconf 83' lang='lat' dir='ltr'><strong>illo</strong></span> <span class='ocrx_word' id='word_1_36' title='bbox 2190 617 2414 698; x_wconf 63' lang='lat' dir='ltr'><strong>spatio,</strong></span> 
     </span>
     <span class='ocr_line' id='line_1_5' title="bbox 146 700 2412 786; baseline 0 -21"><span class='ocrx_word' id='word_1_37' title='bbox 146 704 326 786; x_wconf 85' lang='lat' dir='ltr'><strong>quod</strong></span> <span class='ocrx_word' id='word_1_38' title='bbox 361 702 441 763; x_wconf 88' lang='lat' dir='ltr'><strong>ab</strong></span> <span class='ocrx_word' id='word_1_39' title='bbox 470 702 647 764; x_wconf 89' lang='lat' dir='ltr'><strong>obitu</strong></span> <span class='ocrx_word' id='word_1_40' title='bbox 672 702 747 763; x_wconf 89' lang='lat' dir='ltr'><strong>ad</strong></span> <span class='ocrx_word' id='word_1_41' title='bbox 778 702 966 763; x_wconf 85' lang='lat' dir='ltr'><strong>sunus</strong></span> <span class='ocrx_word' id='word_1_42' title='bbox 999 702 1254 763; x_wconf 86' lang='lat' dir='ltr'><strong>interest</strong></span> <span class='ocrx_word' id='word_1_43' title='bbox 1275 745 1295 780; x_wconf 80' lang='lat'><em>‚</em></span> <span class='ocrx_word' id='word_1_44' title='bbox 1340 721 1452 785; x_wconf 86' lang='lat' dir='ltr'><strong>per</strong></span> <span class='ocrx_word' id='word_1_45' title='bbox 1481 700 1730 764; x_wconf 87' lang='lat' dir='ltr'><strong>crebros</strong></span> <span class='ocrx_word' id='word_1_46' title='bbox 1750 702 2013 765; x_wconf 85' lang='lat' dir='ltr'><strong>subinde</strong></span> <span class='ocrx_word' id='word_1_47' title='bbox 2037 703 2256 763; x_wconf 83' lang='lat' dir='ltr'><strong>missos</strong></span> <span class='ocrx_word' id='word_1_48' title='bbox 2282 712 2412 765; x_wconf 79' lang='lat' dir='ltr'><strong>tam</strong></span> 
     </span>
     <span class='ocr_line' id='line_1_6' title="bbox 146 787 2417 872; baseline -0.003 -18"><span class='ocrx_word' id='word_1_49' title='bbox 146 791 453 854; x_wconf 83' lang='lat' dir='ltr'><strong>distincte</strong></span> <span class='ocrx_word' id='word_1_50' title='bbox 487 798 731 852; x_wconf 80' lang='lat' dir='ltr'><strong>caveret</strong></span> <span class='ocrx_word' id='word_1_51' title='bbox 764 809 845 852; x_wconf 88' lang='lat' dir='ltr'><strong>ne</strong></span> <span class='ocrx_word' id='word_1_52' title='bbox 872 788 1089 850; x_wconf 88' lang='lat' dir='ltr'><strong>modus</strong></span> <span class='ocrx_word' id='word_1_53' title='bbox 1115 790 1511 851; x_wconf 78' lang='lat' dir='ltr'><strong>excederetur</strong></span> <span class='ocrx_word' id='word_1_54' title='bbox 1545 789 1976 872; x_wconf 85' lang='lat' dir='ltr'><strong>sepulcralium</strong></span> <span class='ocrx_word' id='word_1_55' title='bbox 2017 787 2247 869; x_wconf 82' lang='lat' dir='ltr'><strong>privati</strong></span> <span class='ocrx_word' id='word_1_56' title='bbox 2279 787 2417 858; x_wconf 65' lang='lat' dir='ltr'><strong>ho...-</strong></span> 
     </span>
     <span class='ocr_line' id='line_1_7' title="bbox 146 874 2410 959; baseline -0.002 -20"><span class='ocrx_word' id='word_1_57' title='bbox 146 876 347 939; x_wconf 84' lang='lat' dir='ltr'><strong>minis</strong></span> <span class='ocrx_word' id='word_1_58' title='bbox 371 876 700 939; x_wconf 82' lang='lat' dir='ltr'><strong>honorum.</strong></span> <span class='ocrx_word' id='word_1_59' title='bbox 789 885 921 937; x_wconf 89' lang='lat' dir='ltr'><strong>erat</strong></span> <span class='ocrx_word' id='word_1_60' title='bbox 947 896 1091 956; x_wconf 87' lang='lat' dir='ltr'><strong>ergo</strong></span> <span class='ocrx_word' id='word_1_61' title='bbox 1126 876 1668 959; x_wconf 72' lang='lat' dir='ltr'><strong>Constantinopoli</strong></span> <span class='ocrx_word' id='word_1_62' title='bbox 1695 874 2113 955; x_wconf 86' lang='lat' dir='ltr'><strong>Andronicus,</strong></span> <span class='ocrx_word' id='word_1_63' title='bbox 2158 875 2410 956; x_wconf 84' lang='lat' dir='ltr'><strong>quando</strong></span> 
     </span>
     <span class='ocr_line' id='line_1_8' title="bbox 146 962 2410 1047; baseline -0.001 -22"><span class='ocrx_word' id='word_1_64' title='bbox 146 974 450 1026; x_wconf 83' lang='lat' dir='ltr'><strong>mortuus</strong></span> <span class='ocrx_word' id='word_1_65' title='bbox 493 972 559 1026; x_wconf 84' lang='lat' dir='ltr'><strong>et</strong></span> <span class='ocrx_word' id='word_1_66' title='bbox 604 964 882 1045; x_wconf 85' lang='lat' dir='ltr'><strong>sepultus</strong></span> <span class='ocrx_word' id='word_1_67' title='bbox 919 970 1015 1024; x_wconf 88' lang='lat' dir='ltr'><strong>est</strong></span> <span class='ocrx_word' id='word_1_68' title='bbox 1044 964 1336 1046; x_wconf 65' lang='lat' dir='ltr'><strong>Cypriusz</strong></span> <span class='ocrx_word' id='word_1_69' title='bbox 1380 971 1445 1026; x_wconf 86' lang='lat' dir='ltr'><strong>et</strong></span> <span class='ocrx_word' id='word_1_70' title='bbox 1482 963 1716 1047; x_wconf 86' lang='lat' dir='ltr'><strong>primus</strong></span> <span class='ocrx_word' id='word_1_71' title='bbox 1734 973 1879 1047; x_wconf 88' lang='lat' dir='ltr'><strong>post</strong></span> <span class='ocrx_word' id='word_1_72' title='bbox 1906 963 2091 1025; x_wconf 86' lang='lat' dir='ltr'><strong>istum</strong></span> <span class='ocrx_word' id='word_1_73' title='bbox 2116 962 2410 1024; x_wconf 87' lang='lat' dir='ltr'><strong>notabilis</strong></span> 
     </span>
     <span class='ocr_line' id='line_1_9' title="bbox 147 1049 2413 1133; baseline -0.001 -20"><span class='ocrx_word' id='word_1_74' title='bbox 147 1062 422 1113; x_wconf 80' lang='lat' dir='ltr'><strong>eventus</strong></span> <span class='ocrx_word' id='word_1_75' title='bbox 462 1051 649 1113; x_wconf 86' lang='lat' dir='ltr'><strong>suerit</strong></span> <span class='ocrx_word' id='word_1_76' title='bbox 691 1051 989 1112; x_wconf 84' lang='lat' dir='ltr'><strong>discessus</strong></span> <span class='ocrx_word' id='word_1_77' title='bbox 1027 1049 1415 1133; x_wconf 86' lang='lat' dir='ltr'><strong>imperatoris</strong></span> <span class='ocrx_word' id='word_1_78' title='bbox 1456 1051 1509 1113; x_wconf 85' lang='lat' dir='ltr'><strong>ei</strong></span> <span class='ocrx_word' id='word_1_79' title='bbox 1530 1050 1723 1113; x_wconf 55' lang='lat' dir='ltr'><strong>isdem</strong></span> <span class='ocrx_word' id='word_1_80' title='bbox 1751 1072 1830 1113; x_wconf 79' lang='lat' dir='ltr'><strong>ex</strong></span> <span class='ocrx_word' id='word_1_81' title='bbox 1856 1050 2040 1129; x_wconf 88' lang='lat' dir='ltr'><strong>urbe,</strong></span> <span class='ocrx_word' id='word_1_82' title='bbox 2083 1058 2413 1133; x_wconf 80' lang='lat' dir='ltr'><strong>propterea</strong></span> 
     </span>
     <span class='ocr_line' id='line_1_10' title="bbox 147 1135 2407 1222; baseline -0.001 -23"><span class='ocrx_word' id='word_1_83' title='bbox 147 1138 441 1219; x_wconf 82' lang='lat' dir='ltr'><strong>sequenti</strong></span> <span class='ocrx_word' id='word_1_84' title='bbox 478 1158 626 1200; x_wconf 85' lang='lat' dir='ltr'><strong>mox</strong></span> <span class='ocrx_word' id='word_1_85' title='bbox 660 1140 863 1222; x_wconf 88' lang='lat' dir='ltr'><strong>capite</strong></span> <span class='ocrx_word' id='word_1_86' title='bbox 890 1158 924 1198; x_wconf 89' lang='lat' dir='ltr'><strong>a</strong></span> <span class='ocrx_word' id='word_1_87' title='bbox 949 1137 1318 1221; x_wconf 79' lang='lat' dir='ltr'><strong>Pachymere</strong></span> <span class='ocrx_word' id='word_1_88' title='bbox 1348 1149 1651 1203; x_wconf 86' lang='lat' dir='ltr'><strong>narratus.</strong></span> <span class='ocrx_word' id='word_1_89' title='bbox 1739 1149 2006 1201; x_wconf 85' lang='lat' dir='ltr'><strong>cesserat</strong></span> <span class='ocrx_word' id='word_1_90' title='bbox 2031 1135 2407 1220; x_wconf 87' lang='lat' dir='ltr'><strong>patriarchio</strong></span> 
     </span>
     <span class='ocr_line' id='line_1_11' title="bbox 147 1219 2412 1310; baseline 0 -25"><span class='ocrx_word' id='word_1_91' title='bbox 147 1226 434 1308; x_wconf 80' lang='lat' dir='ltr'><strong>Cyprius</strong></span> <span class='ocrx_word' id='word_1_92' title='bbox 477 1226 652 1287; x_wconf 77' lang='lat' dir='ltr'><strong>iuxta</strong></span> <span class='ocrx_word' id='word_1_93' title='bbox 690 1219 1102 1288; x_wconf 77' lang='lat' dir='ltr'><strong>verisimiliter</strong></span> <span class='ocrx_word' id='word_1_94' title='bbox 1141 1247 1179 1286; x_wconf 89' lang='lat' dir='ltr'><strong>a</strong></span> <span class='ocrx_word' id='word_1_95' title='bbox 1224 1226 1397 1286; x_wconf 87' lang='lat' dir='ltr'><strong>nobis</strong></span> <span class='ocrx_word' id='word_1_96' title='bbox 1436 1227 1628 1310; x_wconf 84' lang='lat' dir='ltr'><strong>paulo</strong></span> <span class='ocrx_word' id='word_1_97' title='bbox 1664 1225 1949 1309; x_wconf 81' lang='lat' dir='ltr'><strong>superius</strong></span> <span class='ocrx_word' id='word_1_98' title='bbox 1978 1234 2208 1288; x_wconf 87' lang='lat' dir='ltr'><strong>statuta</strong></span> <span class='ocrx_word' id='word_1_99' title='bbox 2240 1225 2412 1286; x_wconf 79' lang='lat' dir='ltr'><strong>circa</strong></span> 
     </span>
     <span class='ocr_line' id='line_1_12' title="bbox 145 1311 2406 1397; baseline -0.001 -24"><span class='ocrx_word' id='word_1_100' title='bbox 145 1333 433 1375; x_wconf 83' lang='lat' dir='ltr'><strong>mensem</strong></span> <span class='ocrx_word' id='word_1_101' title='bbox 488 1311 735 1375; x_wconf 83' lang='lat' dir='ltr'><strong>Iunium</strong></span> <span class='ocrx_word' id='word_1_102' title='bbox 785 1311 929 1373; x_wconf 90' lang='lat' dir='ltr'><strong>anni</strong></span> <span class='ocrx_word' id='word_1_103' title='bbox 981 1312 1212 1374; x_wconf 86' lang='lat' dir='ltr'><strong>Christi</strong></span> <span class='ocrx_word' id='word_1_104' title='bbox 1268 1316 1456 1380; x_wconf 77' lang='lat'><strong>1289.</strong></span> <span class='ocrx_word' id='word_1_105' title='bbox 1543 1323 1687 1396; x_wconf 85' lang='lat' dir='ltr'><strong>post</strong></span> <span class='ocrx_word' id='word_1_106' title='bbox 1724 1325 1854 1375; x_wconf 86' lang='lat' dir='ltr'><strong>tres</strong></span> <span class='ocrx_word' id='word_1_107' title='bbox 1895 1323 2001 1375; x_wconf 87' lang='lat' dir='ltr'><strong>aut</strong></span> <span class='ocrx_word' id='word_1_108' title='bbox 2036 1312 2221 1397; x_wconf 88' lang='lat' dir='ltr'><strong>paulo</strong></span> <span class='ocrx_word' id='word_1_109' title='bbox 2261 1311 2406 1395; x_wconf 84' lang='lat' dir='ltr'><strong>plus</strong></span> 
     </span>
     <span class='ocr_line' id='line_1_13' title="bbox 146 1398 2412 1481; baseline 0.001 -20"><span class='ocrx_word' id='word_1_110' title='bbox 146 1421 431 1475; x_wconf 82' lang='lat' dir='ltr'><strong>menses,</strong></span> <span class='ocrx_word' id='word_1_111' title='bbox 472 1399 673 1481; x_wconf 87' lang='lat' dir='ltr'><strong>pridie</strong></span> <span class='ocrx_word' id='word_1_112' title='bbox 699 1398 848 1461; x_wconf 88' lang='lat' dir='ltr'><strong>Idus</strong></span> <span class='ocrx_word' id='word_1_113' title='bbox 880 1398 1165 1461; x_wconf 87' lang='lat' dir='ltr'><strong>Octobris</strong></span> <span class='ocrx_word' id='word_1_114' title='bbox 1190 1398 1555 1461; x_wconf 85' lang='lat' dir='ltr'><strong>Athanasius</strong></span> <span class='ocrx_word' id='word_1_115' title='bbox 1586 1400 1647 1461; x_wconf 89' lang='lat' dir='ltr'><strong>in</strong></span> <span class='ocrx_word' id='word_1_116' title='bbox 1681 1399 1977 1463; x_wconf 77' lang='lat' dir='ltr'><strong>thronum</strong></span> <span class='ocrx_word' id='word_1_117' title='bbox 2006 1409 2254 1462; x_wconf 78' lang='lat' dir='ltr'><strong>evectus</strong></span> <span class='ocrx_word' id='word_1_118' title='bbox 2300 1409 2412 1464; x_wconf 62' lang='lat' dir='ltr'><strong>esta</strong></span> 
     </span>
     <span class='ocr_line' id='line_1_14' title="bbox 146 1485 2527 1567; baseline -0 -18"><span class='ocrx_word' id='word_1_119' title='bbox 146 1486 534 1567; x_wconf 79' lang='lat' dir='ltr'><strong>Novembri,</strong></span> <span class='ocrx_word' id='word_1_120' title='bbox 581 1485 928 1558; x_wconf 82' lang='lat' dir='ltr'><strong>Decembri,</strong></span> <span class='ocrx_word' id='word_1_121' title='bbox 974 1486 1255 1549; x_wconf 84' lang='lat' dir='ltr'><strong>Ianuario</strong></span> <span class='ocrx_word' id='word_1_122' title='bbox 1301 1488 1755 1567; x_wconf 67' lang='lat' dir='ltr'><strong>insequentibus</strong></span> <span class='ocrx_word' id='word_1_123' title='bbox 1795 1487 2206 1551; x_wconf 79' lang='lat' dir='ltr'><strong>verisimiliter</strong></span> <span class='ocrx_word' id='word_1_124' title='bbox 2242 1485 2409 1546; x_wconf 87' lang='lat' dir='ltr'><strong>acci·</strong></span> <span class='ocrx_word' id='word_1_125' title='bbox 2524 1545 2527 1548; x_wconf 79' lang='grc'>,</span> 
     </span>
     <span class='ocr_line' id='line_1_15' title="bbox 145 1572 2411 1657; baseline -0.001 -21"><span class='ocrx_word' id='word_1_126' title='bbox 145 1574 320 1636; x_wconf 82' lang='lat' dir='ltr'><strong>derit</strong></span> <span class='ocrx_word' id='word_1_127' title='bbox 341 1619 360 1651; x_wconf 92' lang='lat'>,</span> <span class='ocrx_word' id='word_1_128' title='bbox 407 1574 574 1654; x_wconf 85' lang='lat' dir='ltr'><strong>quod</strong></span> <span class='ocrx_word' id='word_1_129' title='bbox 604 1573 809 1653; x_wconf 85' lang='lat' dir='ltr'><strong>capite</strong></span> <span class='ocrx_word' id='word_1_130' title='bbox 830 1572 972 1634; x_wconf 84' lang='lat' dir='ltr'><strong>iibri</strong></span> <span class='ocrx_word' id='word_1_131' title='bbox 995 1580 1037 1641; x_wconf 81' lang='lat'>2</span> <span class='ocrx_word' id='word_1_132' title='bbox 1067 1596 1119 1635; x_wconf 86' lang='lat' dir='ltr'><strong>c.</strong></span> <span class='ocrx_word' id='word_1_133' title='bbox 1156 1579 1234 1642; x_wconf 84' lang='lat'><strong>17</strong></span> <span class='ocrx_word' id='word_1_134' title='bbox 1259 1576 1558 1652; x_wconf 76' lang='lat' dir='ltr'><strong>refertur,</strong></span> <span class='ocrx_word' id='word_1_135' title='bbox 1603 1595 1821 1656; x_wconf 86' lang='lat' dir='ltr'><strong>nempe</strong></span> <span class='ocrx_word' id='word_1_136' title='bbox 1848 1574 2143 1657; x_wconf 81' lang='lat' dir='ltr'><strong>Cyprium</strong></span> <span class='ocrx_word' id='word_1_137' title='bbox 2178 1573 2411 1654; x_wconf 85' lang='lat' dir='ltr'><strong>gloriae</strong></span> 
     </span>
     <span class='ocr_line' id='line_1_16' title="bbox 147 1659 2411 1738; baseline -0.001 -16"><span class='ocrx_word' id='word_1_138' title='bbox 147 1660 415 1722; x_wconf 80' lang='lat' dir='ltr'><strong>avidum</strong></span> <span class='ocrx_word' id='word_1_139' title='bbox 447 1659 776 1737; x_wconf 84' lang='lat' dir='ltr'><strong>hominem,</strong></span> <span class='ocrx_word' id='word_1_140' title='bbox 821 1681 961 1721; x_wconf 84' lang='lat' dir='ltr'><strong>cum</strong></span> <span class='ocrx_word' id='word_1_141' title='bbox 999 1680 1063 1723; x_wconf 89' lang='lat' dir='ltr'><strong>se</strong></span> <span class='ocrx_word' id='word_1_142' title='bbox 1092 1660 1329 1722; x_wconf 87' lang='lat' dir='ltr'><strong>tamdiu</strong></span> <span class='ocrx_word' id='word_1_143' title='bbox 1358 1661 1702 1738; x_wconf 81' lang='lat' dir='ltr'><strong>neglectum</strong></span> <span class='ocrx_word' id='word_1_144' title='bbox 1729 1663 1798 1722; x_wconf 85' lang='lat' dir='ltr'><strong>in</strong></span> <span class='ocrx_word' id='word_1_145' title='bbox 1822 1682 2064 1727; x_wconf 87' lang='lat' dir='ltr'><strong>secessu</strong></span> <span class='ocrx_word' id='word_1_146' title='bbox 2087 1682 2162 1723; x_wconf 88' lang='lat' dir='ltr'><strong>ac</strong></span> <span class='ocrx_word' id='word_1_147' title='bbox 2190 1660 2411 1723; x_wconf 82' lang='lat' dir='ltr'><strong>solitu-</strong></span> 
     </span>
     <span class='ocr_line' id='line_1_17' title="bbox 149 1745 2409 1833; baseline -0.001 -23"><span class='ocrx_word' id='word_1_148' title='bbox 149 1749 307 1811; x_wconf 83' lang='lat' dir='ltr'><strong>dine</strong></span> <span class='ocrx_word' id='word_1_149' title='bbox 342 1745 599 1823; x_wconf 78' lang='lat' dir='ltr'><strong>doleret,</strong></span> <span class='ocrx_word' id='word_1_150' title='bbox 643 1747 804 1827; x_wconf 84' lang='lat' dir='ltr'><strong>ringi</strong></span> <span class='ocrx_word' id='word_1_151' title='bbox 836 1768 907 1808; x_wconf 90' lang='lat' dir='ltr'><strong>ac</strong></span> <span class='ocrx_word' id='word_1_152' title='bbox 933 1748 1152 1809; x_wconf 82' lang='lat' dir='ltr'><strong>confici</strong></span> <span class='ocrx_word' id='word_1_153' title='bbox 1184 1747 1563 1830; x_wconf 70' lang='lat' dir='ltr'><strong>aegritudine</strong></span> <span class='ocrx_word' id='word_1_154' title='bbox 1591 1749 1889 1833; x_wconf 74' lang='lat' dir='ltr'><strong>coepiss03</strong></span> <span class='ocrx_word' id='word_1_155' title='bbox 1933 1769 2013 1810; x_wconf 80' lang='lat' dir='ltr'><strong>ex</strong></span> <span class='ocrx_word' id='word_1_156' title='bbox 2042 1769 2166 1831; x_wconf 83' lang='lat' dir='ltr'><strong>quo</strong></span> <span class='ocrx_word' id='word_1_157' title='bbox 2193 1747 2251 1807; x_wconf 72' lang='lat' dir='ltr'><strong>ei</strong></span> <span class='ocrx_word' id='word_1_158' title='bbox 2279 1756 2409 1809; x_wconf 79' lang='lat' dir='ltr'><strong>tae-</strong></span> 
     </span>
     <span class='ocr_line' id='line_1_18' title="bbox 149 1834 2408 1918; baseline -0.001 -21"><span class='ocrx_word' id='word_1_159' title='bbox 149 1837 264 1898; x_wconf 80' lang='lat' dir='ltr'><strong>dio</strong></span> <span class='ocrx_word' id='word_1_160' title='bbox 296 1836 562 1912; x_wconf 88' lang='lat' dir='ltr'><strong>languor</strong></span> <span class='ocrx_word' id='word_1_161' title='bbox 588 1835 693 1895; x_wconf 81' lang='lat' dir='ltr'><strong>ille</strong></span> <span class='ocrx_word' id='word_1_162' title='bbox 719 1836 1048 1897; x_wconf 87' lang='lat' dir='ltr'><strong>multorum</strong></span> <span class='ocrx_word' id='word_1_163' title='bbox 1081 1837 1317 1897; x_wconf 86' lang='lat' dir='ltr'><strong>dierum</strong></span> <span class='ocrx_word' id='word_1_164' title='bbox 1355 1836 1660 1912; x_wconf 84' lang='lat' dir='ltr'><strong>extiterit,</strong></span> <span class='ocrx_word' id='word_1_165' title='bbox 1705 1858 1828 1918; x_wconf 84' lang='lat' dir='ltr'><strong>quo</strong></span> <span class='ocrx_word' id='word_1_166' title='bbox 1864 1845 2262 1918; x_wconf 84' lang='lat' dir='ltr'><strong>consumptus</strong></span> <span class='ocrx_word' id='word_1_167' title='bbox 2290 1834 2408 1896; x_wconf 86' lang='lat' dir='ltr'><strong>de-</strong></span> 
     </span>
     <span class='ocr_line' id='line_1_19' title="bbox 148 1922 2410 2007; baseline -0.002 -21"><span class='ocrx_word' id='word_1_168' title='bbox 148 1943 331 1986; x_wconf 79' lang='lat' dir='ltr'><strong>mum</strong></span> <span class='ocrx_word' id='word_1_169' title='bbox 371 1931 468 1984; x_wconf 82' lang='lat' dir='ltr'><strong>est</strong></span> <span class='ocrx_word' id='word_1_170' title='bbox 506 1922 752 1985; x_wconf 73' lang='lat' dir='ltr'><strong>circiter</strong></span> <span class='ocrx_word' id='word_1_171' title='bbox 797 1944 1102 2001; x_wconf 85' lang='lat' dir='ltr'><strong>mensem,</strong></span> <span class='ocrx_word' id='word_1_172' title='bbox 1158 1933 1230 1985; x_wconf 89' lang='lat' dir='ltr'><strong>ut</strong></span> <span class='ocrx_word' id='word_1_173' title='bbox 1275 1931 1561 2006; x_wconf 84' lang='lat' dir='ltr'><strong>apparet,</strong></span> <span class='ocrx_word' id='word_1_174' title='bbox 1610 1925 1922 1986; x_wconf 80' lang='lat' dir='ltr'><strong>Martium.</strong></span> <span class='ocrx_word' id='word_1_175' title='bbox 2013 1924 2216 2007; x_wconf 81' lang='lat' dir='ltr'><strong>Aprili</strong></span> <span class='ocrx_word' id='word_1_176' title='bbox 2260 1942 2410 1983; x_wconf 81' lang='lat' dir='ltr'><strong>mox</strong></span> 
     </span>
     <span class='ocr_line' id='line_1_20' title="bbox 148 2010 2413 2095; baseline -0.001 -23"><span class='ocrx_word' id='word_1_177' title='bbox 148 2013 550 2092; x_wconf 78' lang='lat' dir='ltr'><strong>insequente,</strong></span> <span class='ocrx_word' id='word_1_178' title='bbox 603 2019 746 2092; x_wconf 88' lang='lat' dir='ltr'><strong>apta</strong></span> <span class='ocrx_word' id='word_1_179' title='bbox 802 2011 983 2091; x_wconf 85' lang='lat' dir='ltr'><strong>regiis</strong></span> <span class='ocrx_word' id='word_1_180' title='bbox 1033 2010 1523 2092; x_wconf 70' lang='lat' dir='ltr'><strong>expeditionibus</strong></span> <span class='ocrx_word' id='word_1_181' title='bbox 1574 2020 1960 2095; x_wconf 81' lang='lat' dir='ltr'><strong>tempestate,</strong></span> <span class='ocrx_word' id='word_1_182' title='bbox 2018 2010 2413 2073; x_wconf 71' lang='lat' dir='ltr'><strong>Andronicus</strong></span> 
     </span>
     <span class='ocr_line' id='line_1_21' title="bbox 151 2097 2409 2180; baseline -0.001 -20"><span class='ocrx_word' id='word_1_183' title='bbox 151 2097 476 2177; x_wconf 87' lang='lat' dir='ltr'><strong>Augustus</strong></span> <span class='ocrx_word' id='word_1_184' title='bbox 511 2116 589 2158; x_wconf 78' lang='lat' dir='ltr'><strong>ex</strong></span> <span class='ocrx_word' id='word_1_185' title='bbox 619 2097 771 2157; x_wconf 84' lang='lat' dir='ltr'><strong>urbe</strong></span> <span class='ocrx_word' id='word_1_186' title='bbox 814 2118 1091 2172; x_wconf 84' lang='lat' dir='ltr'><strong>movens,</strong></span> <span class='ocrx_word' id='word_1_187' title='bbox 1135 2117 1421 2158; x_wconf 87' lang='lat' dir='ltr'><strong>amoenae</strong></span> <span class='ocrx_word' id='word_1_188' title='bbox 1450 2118 1523 2156; x_wconf 85' lang='lat' dir='ltr'><strong>ac</strong></span> <span class='ocrx_word' id='word_1_189' title='bbox 1554 2098 2012 2159; x_wconf 74' lang='lat' dir='ltr'><strong>circumductae</strong></span> <span class='ocrx_word' id='word_1_190' title='bbox 2050 2098 2409 2180; x_wconf 85' lang='lat' dir='ltr'><strong>peregrina-</strong></span> 
     </span>
     <span class='ocr_line' id='line_1_22' title="bbox 149 2182 2409 2266; baseline -0.001 -21"><span class='ocrx_word' id='word_1_191' title='bbox 149 2184 353 2245; x_wconf 87' lang='lat' dir='ltr'><strong>tionis</strong></span> <span class='ocrx_word' id='word_1_192' title='bbox 381 2192 571 2243; x_wconf 84' lang='lat' dir='ltr'><strong>metas</strong></span> <span class='ocrx_word' id='word_1_193' title='bbox 597 2183 935 2264; x_wconf 74' lang='lat' dir='ltr'><strong>Nymphaei</strong></span> <span class='ocrx_word' id='word_1_194' title='bbox 963 2183 1226 2262; x_wconf 87' lang='lat' dir='ltr'><strong>denique</strong></span> <span class='ocrx_word' id='word_1_195' title='bbox 1252 2182 1558 2259; x_wconf 79' lang='lat' dir='ltr'><strong>defixerit,</strong></span> <span class='ocrx_word' id='word_1_196' title='bbox 1604 2204 1674 2245; x_wconf 90' lang='lat' dir='ltr'><strong>eo</strong></span> <span class='ocrx_word' id='word_1_197' title='bbox 1697 2183 2060 2266; x_wconf 73' lang='lat' dir='ltr'><strong>perveniens</strong></span> <span class='ocrx_word' id='word_1_198' title='bbox 2089 2184 2206 2244; x_wconf 80' lang='lat' dir='ltr'><strong>sub</strong></span> <span class='ocrx_word' id='word_1_199' title='bbox 2235 2203 2409 2244; x_wconf 82' lang='lat' dir='ltr'><strong>men·-</strong></span> 
     </span>
     <span class='ocr_line' id='line_1_23' title="bbox 150 2269 2412 2348; baseline -0 -15"><span class='ocrx_word' id='word_1_200' title='bbox 150 2291 285 2333; x_wconf 84' lang='lat' dir='ltr'><strong>sem</strong></span> <span class='ocrx_word' id='word_1_201' title='bbox 317 2269 587 2330; x_wconf 86' lang='lat' dir='ltr'><strong>Iunium.</strong></span> <span class='ocrx_word' id='word_1_202' title='bbox 670 2269 835 2330; x_wconf 86' lang='lat' dir='ltr'><strong>circa</strong></span> <span class='ocrx_word' id='word_1_203' title='bbox 865 2269 1089 2331; x_wconf 76' lang='lat' dir='ltr'><strong>Maium</strong></span> <span class='ocrx_word' id='word_1_204' title='bbox 1120 2269 1309 2348; x_wconf 86' lang='lat' dir='ltr'><strong>igitur</strong></span> <span class='ocrx_word' id='word_1_205' title='bbox 1332 2270 1475 2331; x_wconf 88' lang='lat' dir='ltr'><strong>anni</strong></span> <span class='ocrx_word' id='word_1_206' title='bbox 1502 2269 1733 2332; x_wconf 86' lang='lat' dir='ltr'><strong>Christi</strong></span> <span class='ocrx_word' id='word_1_207' title='bbox 1765 2275 1933 2340; x_wconf 85' lang='lat'><strong>1290</strong></span> <span class='ocrx_word' id='word_1_208' title='bbox 1960 2271 2165 2332; x_wconf 76' lang='lat' dir='ltr'><strong>laxata</strong></span> <span class='ocrx_word' id='word_1_209' title='bbox 2190 2278 2412 2332; x_wconf 85' lang='lat' dir='ltr'><strong>custo-</strong></span> 
     </span>
     <span class='ocr_line' id='line_1_24' title="bbox 151 2356 2411 2441; baseline -0.002 -23"><span class='ocrx_word' id='word_1_210' title='bbox 151 2357 261 2418; x_wconf 86' lang='lat' dir='ltr'><strong>dia</strong></span> <span class='ocrx_word' id='word_1_211' title='bbox 292 2356 497 2418; x_wconf 86' lang='lat' dir='ltr'><strong>Vecco</strong></span> <span class='ocrx_word' id='word_1_212' title='bbox 528 2357 746 2434; x_wconf 83' lang='lat' dir='ltr'><strong>fuerit,</strong></span> <span class='ocrx_word' id='word_1_213' title='bbox 787 2365 1114 2440; x_wconf 84' lang='lat' dir='ltr'><strong>postquam</strong></span> <span class='ocrx_word' id='word_1_214' title='bbox 1139 2358 1424 2437; x_wconf 72' lang='lat' dir='ltr'><strong>egestatis</strong></span> <span class='ocrx_word' id='word_1_215' title='bbox 1458 2378 1601 2420; x_wconf 87' lang='lat' dir='ltr'><strong>cum</strong></span> <span class='ocrx_word' id='word_1_216' title='bbox 1636 2359 1995 2441; x_wconf 80' lang='lat' dir='ltr'><strong>captivitate</strong></span> <span class='ocrx_word' id='word_1_217' title='bbox 2023 2358 2267 2419; x_wconf 87' lang='lat' dir='ltr'><strong>iunctae</strong></span> <span class='ocrx_word' id='word_1_218' title='bbox 2293 2358 2411 2417; x_wconf 79' lang='lat' dir='ltr'><strong>in-</strong></span> 
     </span>
     <span class='ocr_line' id='line_1_25' title="bbox 153 2444 2407 2529; baseline -0 -22"><span class='ocrx_word' id='word_1_219' title='bbox 153 2444 488 2507; x_wconf 85' lang='lat' dir='ltr'><strong>commoda</strong></span> <span class='ocrx_word' id='word_1_220' title='bbox 529 2444 845 2506; x_wconf 76' lang='lat' dir='ltr'><strong>tolerasset</strong></span> <span class='ocrx_word' id='word_1_221' title='bbox 890 2444 1070 2507; x_wconf 89' lang='lat' dir='ltr'><strong>annia</strong></span> <span class='ocrx_word' id='word_1_222' title='bbox 1116 2465 1226 2506; x_wconf 83' lang='lat' dir='ltr'><strong>sex</strong></span> <span class='ocrx_word' id='word_1_223' title='bbox 1268 2446 1554 2529; x_wconf 82' lang='lat' dir='ltr'><strong>integris,</strong></span> <span class='ocrx_word' id='word_1_224' title='bbox 1614 2468 1647 2508; x_wconf 92' lang='lat' dir='ltr'><strong>a</strong></span> <span class='ocrx_word' id='word_1_225' title='bbox 1681 2464 1888 2509; x_wconf 87' lang='lat' dir='ltr'><strong>mense</strong></span> <span class='ocrx_word' id='word_1_226' title='bbox 1925 2446 2214 2524; x_wconf 78' lang='lat' dir='ltr'><strong>videlicet</strong></span> <span class='ocrx_word' id='word_1_227' title='bbox 2241 2445 2407 2509; x_wconf 74' lang='lat' dir='ltr'><strong>Maio</strong></span> 
     </span>
     <span class='ocr_line' id='line_1_26' title="bbox 152 2530 2408 2618; baseline 0 -23"><span class='ocrx_word' id='word_1_228' title='bbox 152 2542 268 2595; x_wconf 88' lang='lat' dir='ltr'><strong>aut</strong></span> <span class='ocrx_word' id='word_1_229' title='bbox 312 2531 492 2592; x_wconf 87' lang='lat' dir='ltr'><strong>Iunio</strong></span> <span class='ocrx_word' id='word_1_230' title='bbox 531 2531 678 2593; x_wconf 88' lang='lat' dir='ltr'><strong>anni</strong></span> <span class='ocrx_word' id='word_1_231' title='bbox 718 2530 946 2593; x_wconf 84' lang='lat' dir='ltr'><strong>Christi</strong></span> <span class='ocrx_word' id='word_1_232' title='bbox 992 2533 1160 2602; x_wconf 78' lang='grc'>1284</span> <span class='ocrx_word' id='word_1_233' title='bbox 1200 2533 1374 2595; x_wconf 88' lang='lat' dir='ltr'><strong>iuxta</strong></span> <span class='ocrx_word' id='word_1_234' title='bbox 1415 2533 1587 2618; x_wconf 87' lang='lat' dir='ltr'><strong>prius</strong></span> <span class='ocrx_word' id='word_1_235' title='bbox 1636 2534 1888 2597; x_wconf 85' lang='lat' dir='ltr'><strong>definita</strong></span> <span class='ocrx_word' id='word_1_236' title='bbox 1911 2555 1979 2599; x_wconf 86' lang='lat' dir='ltr'><strong>n.</strong></span> <span class='ocrx_word' id='word_1_237' title='bbox 2006 2534 2053 2600; x_wconf 80' lang='grc'><strong><em>5</em></strong></span> <span class='ocrx_word' id='word_1_238' title='bbox 2082 2532 2268 2596; x_wconf 85' lang='lat' dir='ltr'><strong>huius</strong></span> <span class='ocrx_word' id='word_1_239' title='bbox 2300 2554 2408 2596; x_wconf 87' lang='lat' dir='ltr'><strong>ca-</strong></span> 
     </span>
     <span class='ocr_line' id='line_1_27' title="bbox 200 2619 327 2682; baseline 0.016 -1"><span class='ocrx_word' id='word_1_240' title='bbox 200 2619 327 2682; x_wconf 82' lang='lat' dir='ltr'><strong>itia.</strong></span> 
     </span>
    </p>

    <p class='ocr_par' dir='ltr' id='par_1_3' title="bbox 112 2643 2624 4466">
     <span class='ocr_line' id='line_1_28' title="bbox 152 2643 2412 2789; baseline 0 -23"><span class='ocrx_word' id='word_1_241' title='bbox 152 2643 199 2705; x_wconf 72' lang='grc' dir='ltr'><strong>Ρ</strong></span> <span class='ocrx_word' id='word_1_242' title='bbox 336 2706 474 2771; x_wconf 81' lang='lat' dir='ltr'><strong>vn.</strong></span> <span class='ocrx_word' id='word_1_243' title='bbox 560 2705 694 2768; x_wconf 82' lang='lat' dir='ltr'><strong>Hac</strong></span> <span class='ocrx_word' id='word_1_244' title='bbox 736 2706 942 2767; x_wconf 84' lang='lat' dir='ltr'><strong>eadem</strong></span> <span class='ocrx_word' id='word_1_245' title='bbox 989 2705 1056 2767; x_wconf 93' lang='lat' dir='ltr'><strong>in</strong></span> <span class='ocrx_word' id='word_1_246' title='bbox 1107 2706 1448 2769; x_wconf 78' lang='lat' dir='ltr'><strong>orientales</strong></span> <span class='ocrx_word' id='word_1_247' title='bbox 1489 2716 1728 2770; x_wconf 87' lang='lat' dir='ltr'><strong>tractus</strong></span> <span class='ocrx_word' id='word_1_248' title='bbox 1760 2706 2249 2789; x_wconf 82' lang='lat' dir='ltr'><strong>peregrinatione</strong></span> <span class='ocrx_word' id='word_1_249' title='bbox 2281 2705 2412 2768; x_wconf 82' lang='lat' dir='ltr'><strong>An-</strong></span> 
     </span>
     <span class='ocr_line' id='line_1_29' title="bbox 156 2793 2409 2876; baseline -0.001 -19"><span class='ocrx_word' id='word_1_250' title='bbox 156 2793 411 2857; x_wconf 84' lang='lat' dir='ltr'><strong>dronici</strong></span> <span class='ocrx_word' id='word_1_251' title='bbox 455 2794 780 2874; x_wconf 82' lang='lat' dir='ltr'><strong>contigisse</strong></span> <span class='ocrx_word' id='word_1_252' title='bbox 820 2802 1125 2875; x_wconf 82' lang='lat' dir='ltr'><strong>praeterea</strong></span> <span class='ocrx_word' id='word_1_253' title='bbox 1173 2796 1452 2876; x_wconf 84' lang='lat' dir='ltr'><strong>oportuit</strong></span> <span class='ocrx_word' id='word_1_254' title='bbox 1496 2816 1807 2857; x_wconf 87' lang='lat' dir='ltr'><strong>accessum</strong></span> <span class='ocrx_word' id='word_1_255' title='bbox 1849 2797 1981 2857; x_wconf 80' lang='lat' dir='ltr'><strong>eius</strong></span> <span class='ocrx_word' id='word_1_256' title='bbox 2023 2794 2409 2876; x_wconf 74' lang='lat' dir='ltr'><strong>Dacibyzam,</strong></span> 
     </span>
     <span class='ocr_line' id='line_1_30' title="bbox 156 2880 2409 2962; baseline 0 -19"><span class='ocrx_word' id='word_1_257' title='bbox 156 2883 273 2943; x_wconf 87' lang='lat' dir='ltr'><strong>ubi</strong></span> <span class='ocrx_word' id='word_1_258' title='bbox 304 2881 422 2942; x_wconf 81' lang='lat' dir='ltr'><strong>sub</strong></span> <span class='ocrx_word' id='word_1_259' title='bbox 448 2883 727 2944; x_wconf 88' lang='lat' dir='ltr'><strong>custodia</strong></span> <span class='ocrx_word' id='word_1_260' title='bbox 756 2880 1074 2942; x_wconf 86' lang='lat' dir='ltr'><strong>tenebatur</strong></span> <span class='ocrx_word' id='word_1_261' title='bbox 1100 2881 1356 2942; x_wconf 86' lang='lat' dir='ltr'><strong>loannes</strong></span> <span class='ocrx_word' id='word_1_262' title='bbox 1383 2881 1690 2946; x_wconf 81' lang='lat' dir='ltr'><strong>Theodori</strong></span> <span class='ocrx_word' id='word_1_263' title='bbox 1715 2883 1985 2944; x_wconf 88' lang='lat' dir='ltr'><strong>Lascaris</strong></span> <span class='ocrx_word' id='word_1_264' title='bbox 2010 2882 2193 2959; x_wconf 82' lang='lat' dir='ltr'><strong>filius,</strong></span> <span class='ocrx_word' id='word_1_265' title='bbox 2225 2901 2409 2962; x_wconf 83' lang='lat' dir='ltr'><strong>quem</strong></span> 
     </span>
     <span class='ocr_line' id='line_1_31' title="bbox 158 2966 2406 3053; baseline -0 -23"><span class='ocrx_word' id='word_1_266' title='bbox 158 2966 429 3030; x_wconf 65' lang='lat' dir='ltr'><strong>Michael</strong></span> <span class='ocrx_word' id='word_1_267' title='bbox 467 2969 803 3031; x_wconf 74' lang='lat' dir='ltr'><strong>Andronici</strong></span> <span class='ocrx_word' id='word_1_268' title='bbox 846 2980 1019 3050; x_wconf 90' lang='lat' dir='ltr'><strong>pater</strong></span> <span class='ocrx_word' id='word_1_269' title='bbox 1049 2968 1298 3031; x_wconf 83' lang='lat' dir='ltr'><strong>immani</strong></span> <span class='ocrx_word' id='word_1_270' title='bbox 1332 2970 1547 3032; x_wconf 83' lang='lat' dir='ltr'><strong>fraude</strong></span> <span class='ocrx_word' id='word_1_271' title='bbox 1578 2969 2112 3053; x_wconf 81' lang='lat' dir='ltr'><strong>circumscriptum</strong></span> <span class='ocrx_word' id='word_1_272' title='bbox 2146 2969 2406 3051; x_wconf 86' lang='lat' dir='ltr'><strong>imperio</strong></span> 
     </span>
     <span class='ocr_line' id='line_1_32' title="bbox 159 3054 2408 3140; baseline 0 -23"><span class='ocrx_word' id='word_1_273' title='bbox 159 3055 390 3117; x_wconf 84' lang='lat' dir='ltr'><strong>deiecit</strong></span> <span class='ocrx_word' id='word_1_274' title='bbox 427 3067 490 3116; x_wconf 86' lang='lat' dir='ltr'><strong>et</strong></span> <span class='ocrx_word' id='word_1_275' title='bbox 531 3059 908 3121; x_wconf 84' lang='lat' dir='ltr'><strong>excoecavit.</strong></span> <span class='ocrx_word' id='word_1_276' title='bbox 993 3054 1118 3116; x_wconf 87' lang='lat' dir='ltr'><strong>huc</strong></span> <span class='ocrx_word' id='word_1_277' title='bbox 1163 3059 1508 3140; x_wconf 84' lang='lat' dir='ltr'><strong>profectum</strong></span> <span class='ocrx_word' id='word_1_278' title='bbox 1557 3058 1973 3121; x_wconf 73' lang='lat' dir='ltr'><strong>Andronicum</strong></span> <span class='ocrx_word' id='word_1_279' title='bbox 2026 3066 2239 3118; x_wconf 89' lang='lat' dir='ltr'><strong>narrat</strong></span> <span class='ocrx_word' id='word_1_280' title='bbox 2283 3056 2408 3117; x_wconf 89' lang='lat' dir='ltr'><strong>Pa·-</strong></span> 
     </span>
     <span class='ocr_line' id='line_1_33' title="bbox 162 3139 2404 3227; baseline 0.002 -25"><span class='ocrx_word' id='word_1_281' title='bbox 162 3141 483 3224; x_wconf 75' lang='lat' dir='ltr'><strong>chymeres</strong></span> <span class='ocrx_word' id='word_1_282' title='bbox 507 3144 550 3207; x_wconf 91' lang='lat' dir='ltr'><strong>l.</strong></span> <span class='ocrx_word' id='word_1_283' title='bbox 585 3152 616 3211; x_wconf 91' lang='lat'>1</span> <span class='ocrx_word' id='word_1_284' title='bbox 655 3166 711 3211; x_wconf 89' lang='lat' dir='ltr'><strong>c.</strong></span> <span class='ocrx_word' id='word_1_285' title='bbox 739 3149 826 3213; x_wconf 76' lang='lat'><strong>86</strong></span> <span class='ocrx_word' id='word_1_286' title='bbox 866 3145 1111 3227; x_wconf 88' lang='lat' dir='ltr'><strong>petiisse</strong></span> <span class='ocrx_word' id='word_1_287' title='bbox 1144 3164 1180 3205; x_wconf 87' lang='lat' dir='ltr'><strong>a</strong></span> <span class='ocrx_word' id='word_1_288' title='bbox 1217 3144 1447 3207; x_wconf 85' lang='lat' dir='ltr'><strong>Ioanne</strong></span> <span class='ocrx_word' id='word_1_289' title='bbox 1485 3165 1672 3208; x_wconf 88' lang='lat' dir='ltr'><strong>coeco</strong></span> <span class='ocrx_word' id='word_1_290' title='bbox 1717 3139 1957 3207; x_wconf 74' lang='lat' dir='ltr'><strong>veniam</strong></span> <span class='ocrx_word' id='word_1_291' title='bbox 1988 3143 2253 3206; x_wconf 86' lang='lat' dir='ltr'><strong>iniuriae</strong></span> <span class='ocrx_word' id='word_1_292' title='bbox 2281 3143 2404 3226; x_wconf 88' lang='lat' dir='ltr'><strong>ipsi</strong></span> 
     </span>
     <span class='ocr_line' id='line_1_34' title="bbox 160 3230 2405 3314; baseline 0.002 -24"><span class='ocrx_word' id='word_1_293' title='bbox 160 3252 195 3290; x_wconf 89' lang='lat' dir='ltr'><strong>a</strong></span> <span class='ocrx_word' id='word_1_294' title='bbox 234 3230 533 3293; x_wconf 65' lang='lat' dir='ltr'><strong>nich-ets</strong></span> <span class='ocrx_word' id='word_1_295' title='bbox 571 3243 745 3314; x_wconf 84' lang='lat' dir='ltr'><strong>patre</strong></span> <span class='ocrx_word' id='word_1_296' title='bbox 768 3253 881 3293; x_wconf 91' lang='lat' dir='ltr'><strong>suo</strong></span> <span class='ocrx_word' id='word_1_297' title='bbox 908 3232 1142 3308; x_wconf 82' lang='lat' dir='ltr'><strong>illatae,</strong></span> <span class='ocrx_word' id='word_1_298' title='bbox 1185 3240 1248 3294; x_wconf 87' lang='lat' dir='ltr'><strong>et</strong></span> <span class='ocrx_word' id='word_1_299' title='bbox 1283 3233 1492 3294; x_wconf 88' lang='lat' dir='ltr'><strong>multis</strong></span> <span class='ocrx_word' id='word_1_300' title='bbox 1518 3233 1975 3296; x_wconf 84' lang='lat' dir='ltr'><strong>benavolentiee</strong></span> <span class='ocrx_word' id='word_1_301' title='bbox 1998 3230 2405 3313; x_wconf 79' lang='lat' dir='ltr'><strong>significatio-</strong></span> 
     </span>
     <span class='ocr_line' id='line_1_35' title="bbox 161 3317 2406 3403; baseline 0.002 -25"><span class='ocrx_word' id='word_1_302' title='bbox 161 3317 343 3378; x_wconf 84' lang='lat' dir='ltr'><strong>nibus</strong></span> <span class='ocrx_word' id='word_1_303' title='bbox 372 3339 445 3380; x_wconf 89' lang='lat' dir='ltr'><strong>ac</strong></span> <span class='ocrx_word' id='word_1_304' title='bbox 477 3320 655 3381; x_wconf 91' lang='lat' dir='ltr'><strong>donis</strong></span> <span class='ocrx_word' id='word_1_305' title='bbox 687 3319 1062 3381; x_wconf 87' lang='lat' dir='ltr'><strong>eblanditum</strong></span> <span class='ocrx_word' id='word_1_306' title='bbox 1091 3318 1166 3378; x_wconf 88' lang='lat' dir='ltr'><strong>ab</strong></span> <span class='ocrx_word' id='word_1_307' title='bbox 1197 3340 1270 3381; x_wconf 88' lang='lat' dir='ltr'><strong>eo</strong></span> <span class='ocrx_word' id='word_1_308' title='bbox 1304 3321 1492 3383; x_wconf 80' lang='lat' dir='ltr'><strong>fuisse</strong></span> <span class='ocrx_word' id='word_1_309' title='bbox 1536 3323 1865 3384; x_wconf 72' lang='lat' dir='ltr'><strong>cessionem</strong></span> <span class='ocrx_word' id='word_1_310' title='bbox 1899 3320 2053 3382; x_wconf 86' lang='lat' dir='ltr'><strong>iuria</strong></span> <span class='ocrx_word' id='word_1_311' title='bbox 2089 3319 2169 3380; x_wconf 85' lang='lat' dir='ltr'><strong>ad</strong></span> <span class='ocrx_word' id='word_1_312' title='bbox 2201 3319 2406 3403; x_wconf 86' lang='lat' dir='ltr'><strong>impe-</strong></span> 
     </span>
     <span class='ocr_line' id='line_1_36' title="bbox 160 3404 2404 3488; baseline 0 -21"><span class='ocrx_word' id='word_1_313' title='bbox 160 3404 325 3467; x_wconf 83' lang='lat' dir='ltr'><strong>rium</strong></span> <span class='ocrx_word' id='word_1_314' title='bbox 354 3407 473 3467; x_wconf 89' lang='lat' dir='ltr'><strong>sui.</strong></span> <span class='ocrx_word' id='word_1_315' title='bbox 560 3407 738 3483; x_wconf 86' lang='lat' dir='ltr'><strong>ratio,</strong></span> <span class='ocrx_word' id='word_1_316' title='bbox 783 3426 936 3488; x_wconf 84' lang='lat' dir='ltr'><strong>quae</strong></span> <span class='ocrx_word' id='word_1_317' title='bbox 961 3405 1124 3487; x_wconf 85' lang='lat' dir='ltr'><strong>cogit</strong></span> <span class='ocrx_word' id='word_1_318' title='bbox 1144 3405 1349 3469; x_wconf 87' lang='lat' dir='ltr'><strong>dicere</strong></span> <span class='ocrx_word' id='word_1_319' title='bbox 1373 3418 1523 3471; x_wconf 88' lang='lat' dir='ltr'><strong>tunc</strong></span> <span class='ocrx_word' id='word_1_320' title='bbox 1548 3411 1608 3471; x_wconf 89' lang='lat' dir='ltr'><strong>id</strong></span> <span class='ocrx_word' id='word_1_321' title='bbox 1639 3420 1861 3487; x_wconf 85' lang='lat' dir='ltr'><strong>actum,</strong></span> <span class='ocrx_word' id='word_1_322' title='bbox 1905 3406 2057 3483; x_wconf 70' lang='lat' dir='ltr'><strong>haec</strong></span> <span class='ocrx_word' id='word_1_323' title='bbox 2083 3416 2197 3472; x_wconf 82' lang='lat' dir='ltr'><strong>est.</strong></span> <span class='ocrx_word' id='word_1_324' title='bbox 2283 3428 2404 3468; x_wconf 87' lang='lat' dir='ltr'><strong>no-</strong></span> 
     </span>
     <span class='ocr_line' id='line_1_37' title="bbox 163 3492 2408 3574; baseline 0.002 -22"><span class='ocrx_word' id='word_1_325' title='bbox 163 3500 289 3552; x_wconf 85' lang='lat' dir='ltr'><strong>ster</strong></span> <span class='ocrx_word' id='word_1_326' title='bbox 316 3492 432 3553; x_wconf 87' lang='lat' dir='ltr'><strong>illo</strong></span> <span class='ocrx_word' id='word_1_327' title='bbox 460 3495 658 3574; x_wconf 85' lang='lat' dir='ltr'><strong>capite</strong></span> <span class='ocrx_word' id='word_1_328' title='bbox 688 3494 910 3557; x_wconf 87' lang='lat' dir='ltr'><strong>diserte</strong></span> <span class='ocrx_word' id='word_1_329' title='bbox 934 3492 1149 3554; x_wconf 82' lang='lat' dir='ltr'><strong>asserit</strong></span> <span class='ocrx_word' id='word_1_330' title='bbox 1179 3505 1318 3574; x_wconf 78' lang='lat' dir='ltr'><strong>post</strong></span> <span class='ocrx_word' id='word_1_331' title='bbox 1348 3507 1716 3559; x_wconf 85' lang='lat' dir='ltr'><strong>conventum</strong></span> <span class='ocrx_word' id='word_1_332' title='bbox 1742 3498 1818 3558; x_wconf 90' lang='lat' dir='ltr'><strong>ab</strong></span> <span class='ocrx_word' id='word_1_333' title='bbox 1843 3496 2200 3559; x_wconf 79' lang='lat' dir='ltr'><strong>Andronico</strong></span> <span class='ocrx_word' id='word_1_334' title='bbox 2227 3495 2408 3557; x_wconf 86' lang='lat' dir='ltr'><strong>Ioan-</strong></span> 
     </span>
     <span class='ocr_line' id='line_1_38' title="bbox 163 3579 2406 3666; baseline 0.003 -28"><span class='ocrx_word' id='word_1_335' title='bbox 163 3598 305 3639; x_wconf 82' lang='lat' dir='ltr'><strong>nem</strong></span> <span class='ocrx_word' id='word_1_336' title='bbox 336 3580 586 3641; x_wconf 77' lang='lat' dir='ltr'><strong>missum</strong></span> <span class='ocrx_word' id='word_1_337' title='bbox 620 3582 806 3643; x_wconf 81' lang='lat' dir='ltr'><strong>suisae</strong></span> <span class='ocrx_word' id='word_1_338' title='bbox 836 3582 912 3642; x_wconf 88' lang='lat' dir='ltr'><strong>ab</strong></span> <span class='ocrx_word' id='word_1_339' title='bbox 944 3579 1270 3642; x_wconf 77' lang='lat' dir='ltr'><strong>Athanasio</strong></span> <span class='ocrx_word' id='word_1_340' title='bbox 1300 3582 1420 3644; x_wconf 89' lang='lat' dir='ltr'><strong>iam</strong></span> <span class='ocrx_word' id='word_1_341' title='bbox 1465 3582 1824 3666; x_wconf 86' lang='lat' dir='ltr'><strong>patriarcha·</strong></span> <span class='ocrx_word' id='word_1_342' title='bbox 1857 3581 2406 3666; x_wconf 80' lang='lat' dir='ltr'><strong>protovestiarium</strong></span> 
     </span>
     <span class='ocr_line' id='line_1_39' title="bbox 165 3663 2422 3752; baseline 0.003 -28"><span class='ocrx_word' id='word_1_343' title='bbox 165 3664 240 3725; x_wconf 91' lang='lat' dir='ltr'><strong>ad</strong></span> <span class='ocrx_word' id='word_1_344' title='bbox 268 3663 574 3743; x_wconf 76' lang='lat' dir='ltr'><strong>Veccum3</strong></span> <span class='ocrx_word' id='word_1_345' title='bbox 618 3670 782 3749; x_wconf 88' lang='lat' dir='ltr'><strong>quod</strong></span> <span class='ocrx_word' id='word_1_346' title='bbox 808 3669 970 3730; x_wconf 86' lang='lat' dir='ltr'><strong>idem</strong></span> <span class='ocrx_word' id='word_1_347' title='bbox 998 3668 1141 3729; x_wconf 86' lang='lat' dir='ltr'><strong>alibi</strong></span> <span class='ocrx_word' id='word_1_348' title='bbox 1170 3669 1399 3730; x_wconf 82' lang='lat' dir='ltr'><strong>sactum</strong></span> <span class='ocrx_word' id='word_1_349' title='bbox 1425 3672 1690 3733; x_wconf 76' lang='lat' dir='ltr'><strong>affirmet</strong></span> <span class='ocrx_word' id='word_1_350' title='bbox 1718 3692 1793 3733; x_wconf 86' lang='lat' dir='ltr'><strong>eo</strong></span> <span class='ocrx_word' id='word_1_351' title='bbox 1822 3671 2045 3733; x_wconf 84' lang='lat' dir='ltr'><strong>itinere</strong></span> <span class='ocrx_word' id='word_1_352' title='bbox 2072 3691 2192 3752; x_wconf 88' lang='lat' dir='ltr'><strong>quo</strong></span> <span class='ocrx_word' id='word_1_353' title='bbox 2215 3669 2422 3752; x_wconf 77' lang='lat' dir='ltr'><strong>Nym--</strong></span> 
     </span>
     <span class='ocr_line' id='line_1_40' title="bbox 163 3749 2408 3839; baseline 0.004 -27"><span class='ocrx_word' id='word_1_354' title='bbox 163 3749 430 3833; x_wconf 86' lang='lat' dir='ltr'><strong>phaeum</strong></span> <span class='ocrx_word' id='word_1_355' title='bbox 460 3774 525 3813; x_wconf 90' lang='lat' dir='ltr'><strong>se</strong></span> <span class='ocrx_word' id='word_1_356' title='bbox 553 3754 846 3839; x_wconf 85' lang='lat' dir='ltr'><strong>denique,</strong></span> <span class='ocrx_word' id='word_1_357' title='bbox 890 3755 1022 3817; x_wconf 87' lang='lat' dir='ltr'><strong>illic</strong></span> <span class='ocrx_word' id='word_1_358' title='bbox 1059 3756 1171 3816; x_wconf 86' lang='lat' dir='ltr'><strong>diu</strong></span> <span class='ocrx_word' id='word_1_359' title='bbox 1203 3770 1716 3833; x_wconf 82' lang='lat' dir='ltr'><strong>commoraturua,</strong></span> <span class='ocrx_word' id='word_1_360' title='bbox 1756 3758 2091 3839; x_wconf 83' lang='lat' dir='ltr'><strong>imperator</strong></span> <span class='ocrx_word' id='word_1_361' title='bbox 2121 3757 2408 3823; x_wconf 84' lang='lat' dir='ltr'><strong>contulit.</strong></span> 
     </span>
     <span class='ocr_line' id='line_1_41' title="bbox 162 3838 2408 3927; baseline 0.004 -29"><span class='ocrx_word' id='word_1_362' title='bbox 162 3839 353 3919; x_wconf 87' lang='lat' dir='ltr'><strong>igitur</strong></span> <span class='ocrx_word' id='word_1_363' title='bbox 378 3851 441 3901; x_wconf 85' lang='lat' dir='ltr'><strong>et</strong></span> <span class='ocrx_word' id='word_1_364' title='bbox 463 3838 615 3902; x_wconf 82' lang='lat' dir='ltr'><strong>haec</strong></span> <span class='ocrx_word' id='word_1_365' title='bbox 638 3845 845 3905; x_wconf 85' lang='lat' dir='ltr'><strong>eadem</strong></span> <span class='ocrx_word' id='word_1_366' title='bbox 871 3844 971 3903; x_wconf 81' lang='lat' dir='ltr'><strong>via</strong></span> <span class='ocrx_word' id='word_1_367' title='bbox 1003 3863 1114 3925; x_wconf 84' lang='lat' dir='ltr'><strong>per</strong></span> <span class='ocrx_word' id='word_1_368' title='bbox 1141 3843 1502 3927; x_wconf 78' lang='lat' dir='ltr'><strong>Dacibysam</strong></span> <span class='ocrx_word' id='word_1_369' title='bbox 1537 3844 1889 3907; x_wconf 69' lang='lat' dir='ltr'><strong>Andronico</strong></span> <span class='ocrx_word' id='word_1_370' title='bbox 1917 3844 2100 3905; x_wconf 84' lang='lat' dir='ltr'><strong>ducta</strong></span> <span class='ocrx_word' id='word_1_371' title='bbox 2125 3853 2236 3906; x_wconf 85' lang='lat' dir='ltr'><strong>est.</strong></span> <span class='ocrx_word' id='word_1_372' title='bbox 2278 3865 2408 3906; x_wconf 86' lang='lat' dir='ltr'><strong>non</strong></span> 
     </span>
     <span class='ocr_line' id='line_1_42' title="bbox 165 3925 2624 4014; baseline 0.003 -28"><span class='ocrx_word' id='word_1_373' title='bbox 165 3925 325 3986; x_wconf 82' lang='lat' dir='ltr'><strong>enim</strong></span> <span class='ocrx_word' id='word_1_374' title='bbox 355 3926 450 3986; x_wconf 85' lang='lat' dir='ltr'><strong>his</strong></span> <span class='ocrx_word' id='word_1_375' title='bbox 481 3929 828 4010; x_wconf 57' lang='lat' dir='ltr'><strong>petrin-cha</strong></span> <span class='ocrx_word' id='word_1_376' title='bbox 865 3930 1228 3992; x_wconf 75' lang='lat' dir='ltr'><strong>Athanasius</strong></span> <span class='ocrx_word' id='word_1_377' title='bbox 1256 3932 1785 4014; x_wconf 82' lang='lat' dir='ltr'><strong>protovestiarium</strong></span> <span class='ocrx_word' id='word_1_378' title='bbox 1817 3931 1895 3992; x_wconf 85' lang='lat' dir='ltr'><strong>ad</strong></span> <span class='ocrx_word' id='word_1_379' title='bbox 1928 3931 2193 3993; x_wconf 85' lang='lat' dir='ltr'><strong>Veccum</strong></span> <span class='ocrx_word' id='word_1_380' title='bbox 2215 3930 2406 3994; x_wconf 68' lang='lat' dir='ltr'><strong>ubisit.</strong></span> <span class='ocrx_word' id='word_1_381' title='bbox 2446 3932 2492 3987; x_wconf 76' lang='lat' dir='ltr'>P</span> <span class='ocrx_word' id='word_1_382' title='bbox 2525 3932 2624 3986; x_wconf 76' lang='grc'><strong>567</strong></span> 
     </span>
     <span class='ocr_line' id='line_1_43' title="bbox 160 4013 2410 4103; baseline 0 -28"><span class='ocrx_word' id='word_1_383' title='bbox 160 4023 325 4075; x_wconf 80' lang='lat' dir='ltr'><strong>recte</strong></span> <span class='ocrx_word' id='word_1_384' title='bbox 374 4013 582 4096; x_wconf 86' lang='lat' dir='ltr'><strong>itaque</strong></span> <span class='ocrx_word' id='word_1_385' title='bbox 624 4019 911 4081; x_wconf 85' lang='lat' dir='ltr'><strong>admonet</strong></span> <span class='ocrx_word' id='word_1_386' title='bbox 948 4017 1063 4080; x_wconf 91' lang='lat' dir='ltr'><strong>sub</strong></span> <span class='ocrx_word' id='word_1_387' title='bbox 1103 4018 1287 4080; x_wconf 80' lang='lat' dir='ltr'><strong>finem</strong></span> <span class='ocrx_word' id='word_1_388' title='bbox 1317 4021 1536 4103; x_wconf 84' lang='lat' dir='ltr'><strong>capitis</strong></span> <span class='ocrx_word' id='word_1_389' title='bbox 1559 4019 1893 4081; x_wconf 84' lang='lat' dir='ltr'><strong>historicus</strong></span> <span class='ocrx_word' id='word_1_390' title='bbox 1922 4017 2075 4080; x_wconf 84' lang='lat' dir='ltr'><strong>baec</strong></span> <span class='ocrx_word' id='word_1_391' title='bbox 2100 4039 2164 4080; x_wconf 89' lang='lat' dir='ltr'><strong>ae</strong></span> <span class='ocrx_word' id='word_1_392' title='bbox 2197 4019 2266 4081; x_wconf 82' lang='lat' dir='ltr'><strong>in</strong></span> <span class='ocrx_word' id='word_1_393' title='bbox 2303 4041 2410 4082; x_wconf 79' lang='lat' dir='ltr'><strong>an-</strong></span> 
     </span>
     <span class='ocr_line' id='line_1_44' title="bbox 162 4100 2413 4189; baseline 0.003 -27"><span class='ocrx_word' id='word_1_394' title='bbox 162 4111 457 4163; x_wconf 82' lang='lat' dir='ltr'><strong>teceaaum</strong></span> <span class='ocrx_word' id='word_1_395' title='bbox 484 4100 606 4164; x_wconf 89' lang='lat' dir='ltr'><strong>hoc</strong></span> <span class='ocrx_word' id='word_1_396' title='bbox 634 4104 774 4168; x_wconf 85' lang='lat' dir='ltr'><strong>loco</strong></span> <span class='ocrx_word' id='word_1_397' title='bbox 805 4128 884 4169; x_wconf 79' lang='lat' dir='ltr'><strong>ex</strong></span> <span class='ocrx_word' id='word_1_398' title='bbox 914 4105 1112 4168; x_wconf 77' lang='lat' dir='ltr'><strong>multo</strong></span> <span class='ocrx_word' id='word_1_399' title='bbox 1139 4108 1459 4189; x_wconf 82' lang='lat' dir='ltr'><strong>posteriori</strong></span> <span class='ocrx_word' id='word_1_400' title='bbox 1483 4108 1774 4169; x_wconf 84' lang='lat' dir='ltr'><strong>memoria</strong></span> <span class='ocrx_word' id='word_1_401' title='bbox 1798 4106 2183 4187; x_wconf 78' lang='lat' dir='ltr'><strong>praelibasse.</strong></span> <span class='ocrx_word' id='word_1_402' title='bbox 2244 4107 2413 4169; x_wconf 84' lang='lat' dir='ltr'><strong>dicet</strong></span> 
     </span>
     <span class='ocr_line' id='line_1_45' title="bbox 167 4189 2409 4277; baseline 0.003 -28"><span class='ocrx_word' id='word_1_403' title='bbox 167 4189 421 4271; x_wconf 79' lang='lat' dir='ltr'><strong>aiiquis=</strong></span> <span class='ocrx_word' id='word_1_404' title='bbox 463 4210 654 4271; x_wconf 83' lang='lat' dir='ltr'><strong>quare</strong></span> <span class='ocrx_word' id='word_1_405' title='bbox 692 4193 879 4274; x_wconf 88' lang='lat' dir='ltr'><strong>igitur</strong></span> <span class='ocrx_word' id='word_1_406' title='bbox 922 4192 1326 4275; x_wconf 75' lang='lat' dir='ltr'><strong>Pacbymeres</strong></span> <span class='ocrx_word' id='word_1_407' title='bbox 1361 4195 1495 4275; x_wconf 90' lang='lat' dir='ltr'><strong>ipso</strong></span> <span class='ocrx_word' id='word_1_408' title='bbox 1522 4194 1699 4255; x_wconf 87' lang='lat' dir='ltr'><strong>initio</strong></span> <span class='ocrx_word' id='word_1_409' title='bbox 1727 4195 1905 4255; x_wconf 90' lang='lat' dir='ltr'><strong>istius</strong></span> <span class='ocrx_word' id='word_1_410' title='bbox 1938 4193 2159 4276; x_wconf 90' lang='lat' dir='ltr'><strong>capitis</strong></span> <span class='ocrx_word' id='word_1_411' title='bbox 2189 4216 2255 4277; x_wconf 87' lang='lat' dir='ltr'><strong>p.</strong></span> <span class='ocrx_word' id='word_1_412' title='bbox 2283 4201 2409 4264; x_wconf 83' lang='grc'><strong>103</strong></span> 
     </span>
     <span class='ocr_line' id='line_1_46' title="bbox 164 4273 2411 4365; baseline 0.001 -27"><span class='ocrx_word' id='word_1_413' title='bbox 164 4295 229 4341; x_wconf 77' lang='lat' dir='ltr'><strong>v.</strong></span> <span class='ocrx_word' id='word_1_414' title='bbox 261 4281 344 4345; x_wconf 87' lang='lat'><strong>16</strong></span> <span class='ocrx_word' id='word_1_415' title='bbox 390 4276 486 4337; x_wconf 86' lang='lat' dir='ltr'><strong>aie</strong></span> <span class='ocrx_word' id='word_1_416' title='bbox 524 4273 835 4359; x_wconf 65' lang='lat' dir='ltr'><strong>loquitur-z</strong></span> <span class='ocrx_word' id='word_1_417' title='bbox 872 4280 986 4342; x_wconf 81' lang='lat' dir='ltr'><strong>aed</strong></span> <span class='ocrx_word' id='word_1_418' title='bbox 1017 4302 1112 4342; x_wconf 80' lang='lat' dir='ltr'><strong>me</strong></span> <span class='ocrx_word' id='word_1_419' title='bbox 1129 4286 1539 4363; x_wconf 73' lang='lat' dir='ltr'><strong>praeterieras</strong></span> <span class='ocrx_word' id='word_1_420' title='bbox 1563 4283 1740 4365; x_wconf 68' lang='lat' dir='ltr'><strong>quod</strong></span> <span class='ocrx_word' id='word_1_421' title='bbox 1758 4281 1965 4364; x_wconf 75' lang='lat' dir='ltr'><strong>paulo</strong></span> <span class='ocrx_word' id='word_1_422' title='bbox 1995 4285 2187 4363; x_wconf 69' lang='lat' dir='ltr'><strong>prius</strong></span> <span class='ocrx_word' id='word_1_423' title='bbox 2215 4285 2411 4343; x_wconf 70' lang='lat' dir='ltr'><strong>eonti-</strong></span> 
     </span>
     <span class='ocr_line' id='line_1_47' title="bbox 112 4367 2402 4466; baseline 0.002 -40"><span class='ocrx_word' id='word_1_424' title='bbox 112 4451 125 4466; x_wconf 47' lang='lat'><strong>·</strong></span> <span class='ocrx_word' id='word_1_425' title='bbox 160 4367 289 4447; x_wconf 67' lang='lat' dir='ltr'><strong>gis,</strong></span> <span class='ocrx_word' id='word_1_426' title='bbox 330 4368 764 4448; x_wconf 58' lang='lat' dir='ltr'><strong>isuper-asum</strong></span> <span class='ocrx_word' id='word_1_427' title='bbox 788 4367 1077 4433; x_wconf 66' lang='lat' dir='ltr'><strong>videlicet</strong></span> <span class='ocrx_word' id='word_1_428' title='bbox 1099 4391 1173 4432; x_wconf 67' lang='lat' dir='ltr'><strong>ex</strong></span> <span class='ocrx_word' id='word_1_429' title='bbox 1202 4369 1347 4433; x_wconf 74' lang='lat' dir='ltr'><strong>urbe</strong></span> <span class='ocrx_word' id='word_1_430' title='bbox 1374 4392 1440 4432; x_wconf 83' lang='lat' dir='ltr'><strong>as</strong></span> <span class='ocrx_word' id='word_1_431' title='bbox 1464 4371 1803 4432; x_wconf 53' lang='lat' dir='ltr'><strong>confidebas</strong></span> <span class='ocrx_word' id='word_1_432' title='bbox 1827 4369 2242 4453; x_wconf 59' lang='lat' dir='ltr'><strong>&amp;atym-u,</strong></span> <span class='ocrx_word' id='word_1_433' title='bbox 2283 4379 2402 4434; x_wconf 80' lang='lat' dir='ltr'><strong>etc.</strong></span> 
     </span>
    </p>
   </div>
  </div>
 </body>
</html>
