<?xml version="1.0" encoding="UTF-8"?>
<!DOCTYPE html PUBLIC "-//W3C//DTD XHTML 1.0 Transitional//EN"
    "http://www.w3.org/TR/xhtml1/DTD/xhtml1-transitional.dtd">
<html xmlns="http://www.w3.org/1999/xhtml" xml:lang="en" lang="en">
 <head>
  <title>
</title>
<meta http-equiv="Content-Type" content="text/html;charset=utf-8" />
  <meta name='ocr-system' content='tesseract 3.04.00' />
  <meta name='ocr-capabilities' content='ocr_page ocr_carea ocr_par ocr_line ocrx_word'/>
</head>
<body>
  <div class='ocr_page' id='page_1' title='image "./corpusscriptoru12unkngoog/corpusscriptoru12unkngoog_0737.png"; bbox 0 0 3084 4850; ppageno 0'>
   <div class='ocr_carea' id='block_1_1' title="bbox 637 308 2242 387">
    <p class='ocr_par' dir='ltr' id='par_1_1' title="bbox 637 308 2242 387">
     <span class='ocr_line' id='line_1_1' title="bbox 637 308 2242 387; baseline -0.004 0"><span class='ocrx_word' id='word_1_1' title='bbox 637 312 788 387; x_wconf 82' lang='lat'>752</span> <span class='ocrx_word' id='word_1_2' title='bbox 1235 308 1715 383; x_wconf 75' lang='lat' dir='ltr'>OBSERVAT.</span> <span class='ocrx_word' id='word_1_3' title='bbox 1762 309 2242 385; x_wconf 74' lang='lat' dir='ltr'>PAGHYMER.</span> 
     </span>
    </p>
   </div>
   <div class='ocr_carea' id='block_1_2' title="bbox 420 480 2876 2724">
    <p class='ocr_par' dir='ltr' id='par_1_2' title="bbox 626 480 2876 1519">
     <span class='ocr_line' id='line_1_2' title="bbox 635 480 2872 566; baseline -0.002 -17"><span class='ocrx_word' id='word_1_4' title='bbox 635 480 1027 566; x_wconf 80' lang='lat' dir='ltr'>stantinopoli</span> <span class='ocrx_word' id='word_1_5' title='bbox 1062 480 1315 563; x_wconf 81' lang='lat' dir='ltr'>contigit</span> <span class='ocrx_word' id='word_1_6' title='bbox 1341 480 1588 545; x_wconf 87' lang='lat' dir='ltr'>circiter</span> <span class='ocrx_word' id='word_1_7' title='bbox 1615 500 1840 543; x_wconf 87' lang='lat' dir='ltr'>annum</span> <span class='ocrx_word' id='word_1_8' title='bbox 1865 480 2008 545; x_wconf 83' lang='lat' dir='ltr'>Chr.</span> <span class='ocrx_word' id='word_1_9' title='bbox 2042 485 2241 562; x_wconf 83' lang='grc'><strong>1296,</strong></span> <span class='ocrx_word' id='word_1_10' title='bbox 2271 481 2649 566; x_wconf 79' lang='lat' dir='ltr'>quicumque</span> <span class='ocrx_word' id='word_1_11' title='bbox 2685 483 2872 546; x_wconf 79' lang='lat' dir='ltr'>vive-</span> 
     </span>
     <span class='ocr_line' id='line_1_3' title="bbox 634 568 2872 651; baseline -0.002 -17"><span class='ocrx_word' id='word_1_12' title='bbox 634 572 786 634; x_wconf 84' lang='lat' dir='ltr'>bant</span> <span class='ocrx_word' id='word_1_13' title='bbox 818 569 1144 632; x_wconf 68' lang='lat' dir='ltr'>centenarii</span> <span class='ocrx_word' id='word_1_14' title='bbox 1185 578 1292 631; x_wconf 90' lang='lat' dir='ltr'>aut</span> <span class='ocrx_word' id='word_1_15' title='bbox 1322 568 1510 651; x_wconf 91' lang='lat' dir='ltr'>paulo</span> <span class='ocrx_word' id='word_1_16' title='bbox 1554 569 1912 630; x_wconf 83' lang='lat' dir='ltr'>centenariis</span> <span class='ocrx_word' id='word_1_17' title='bbox 1944 568 2215 631; x_wconf 85' lang='lat' dir='ltr'>maiores.</span> <span class='ocrx_word' id='word_1_18' title='bbox 2298 569 2581 631; x_wconf 77' lang='lat' dir='ltr'>meminit</span> <span class='ocrx_word' id='word_1_19' title='bbox 2610 570 2872 631; x_wconf 82' lang='lat' dir='ltr'>a&#39;lterius</span> 
     </span>
     <span class='ocr_line' id='line_1_4' title="bbox 634 654 2873 738; baseline 0.001 -19"><span class='ocrx_word' id='word_1_20' title='bbox 634 654 1282 738; x_wconf 77' lang='lat' dir='ltr'>constantinopolitani</span> <span class='ocrx_word' id='word_1_21' title='bbox 1319 663 1512 718; x_wconf 87' lang='lat' dir='ltr'>terrae</span> <span class='ocrx_word' id='word_1_22' title='bbox 1540 664 1742 717; x_wconf 91' lang='lat' dir='ltr'>motus</span> <span class='ocrx_word' id='word_1_23' title='bbox 1769 655 1970 735; x_wconf 83' lang='lat' dir='ltr'>magni</span> <span class='ocrx_word' id='word_1_24' title='bbox 2000 654 2267 737; x_wconf 75' lang='lat' dir='ltr'>scriptor</span> <span class='ocrx_word' id='word_1_25' title='bbox 2303 656 2467 718; x_wconf 82' lang='lat' dir='ltr'>vitae</span> <span class='ocrx_word' id='word_1_26' title='bbox 2506 657 2806 735; x_wconf 84' lang='lat' dir='ltr'>Gregorii</span> <span class='ocrx_word' id='word_1_27' title='bbox 2830 660 2873 721; x_wconf 86' lang='lat'><strong>9</strong></span> 
     </span>
     <span class='ocr_line' id='line_1_5' title="bbox 630 739 2874 824; baseline -0.003 -17"><span class='ocrx_word' id='word_1_28' title='bbox 630 743 887 807; x_wconf 85' lang='lat' dir='ltr'>Romani</span> <span class='ocrx_word' id='word_1_29' title='bbox 924 752 1114 824; x_wconf 65' lang='lat' dir='ltr'>pont„</span> <span class='ocrx_word' id='word_1_30' title='bbox 1157 742 1424 803; x_wconf 76' lang='lat' dir='ltr'>referens</span> <span class='ocrx_word' id='word_1_31' title='bbox 1462 761 1603 804; x_wconf 82' lang='lat' dir='ltr'>enm</span> <span class='ocrx_word' id='word_1_32' title='bbox 1656 742 1972 822; x_wconf 69' lang='lat' dir='ltr'>contigisse</span> <span class='ocrx_word' id='word_1_33' title='bbox 2012 762 2171 802; x_wconf 89' lang='lat' dir='ltr'>anno</span> <span class='ocrx_word' id='word_1_34' title='bbox 2215 739 2361 804; x_wconf 81' lang='lat' dir='ltr'>Chr.</span> <span class='ocrx_word' id='word_1_35' title='bbox 2397 745 2588 817; x_wconf 77' lang='lat'><strong>1231,</strong></span> <span class='ocrx_word' id='word_1_36' title='bbox 2619 764 2760 823; x_wconf 85' lang='lat' dir='ltr'>quo</span> <span class='ocrx_word' id='word_1_37' title='bbox 2786 743 2874 802; x_wconf 88' lang='lat' dir='ltr'>ait</span> 
     </span>
     <span class='ocr_line' id='line_1_6' title="bbox 629 824 2876 928; baseline -0.002 -35"><span class='ocrx_word' id='word_1_38' title='bbox 629 831 851 893; x_wconf 86' lang='lat' dir='ltr'>multss</span> <span class='ocrx_word' id='word_1_39' title='bbox 878 828 1089 891; x_wconf 89' lang='lat' dir='ltr'>domos</span> <span class='ocrx_word' id='word_1_40' title='bbox 1141 838 1203 889; x_wconf 89' lang='lat' dir='ltr'>et</span> <span class='ocrx_word' id='word_1_41' title='bbox 1231 828 1472 928; x_wconf 51' lang='lat' dir='ltr'>templa·</span> <span class='ocrx_word' id='word_1_42' title='bbox 1489 824 2012 910; x_wconf 71' lang='lat' dir='ltr'>Constantinopoli</span> <span class='ocrx_word' id='word_1_43' title='bbox 2051 827 2366 889; x_wconf 83' lang='lat' dir='ltr'>corruisse.</span> <span class='ocrx_word' id='word_1_44' title='bbox 2453 838 2517 889; x_wconf 94' lang='lat' dir='ltr'>at</span> <span class='ocrx_word' id='word_1_45' title='bbox 2542 827 2742 890; x_wconf 86' lang='lat' dir='ltr'>huius</span> <span class='ocrx_word' id='word_1_46' title='bbox 2771 849 2876 889; x_wconf 85' lang='lat' dir='ltr'>re-</span> 
     </span>
     <span class='ocr_line' id='line_1_7' title="bbox 630 912 2873 999; baseline -0.002 -19"><span class='ocrx_word' id='word_1_47' title='bbox 630 915 874 980; x_wconf 87' lang='lat' dir='ltr'>cordari</span> <span class='ocrx_word' id='word_1_48' title='bbox 907 916 1006 978; x_wconf 83' lang='lat' dir='ltr'>vel</span> <span class='ocrx_word' id='word_1_49' title='bbox 1054 913 1500 999; x_wconf 70' lang='lat' dir='ltr'>septuagenarii</span> <span class='ocrx_word' id='word_1_50' title='bbox 1545 922 1845 995; x_wconf 87' lang='lat' dir='ltr'>poterant.</span> <span class='ocrx_word' id='word_1_51' title='bbox 1929 912 2161 975; x_wconf 91' lang='lat' dir='ltr'>indicat</span> <span class='ocrx_word' id='word_1_52' title='bbox 2214 924 2416 975; x_wconf 89' lang='lat' dir='ltr'>autem</span> <span class='ocrx_word' id='word_1_53' title='bbox 2451 924 2661 976; x_wconf 87' lang='lat' dir='ltr'>noster</span> <span class='ocrx_word' id='word_1_54' title='bbox 2699 916 2873 976; x_wconf 79' lang='lat' dir='ltr'>solos</span> 
     </span>
     <span class='ocr_line' id='line_1_8' title="bbox 628 998 2872 1084; baseline -0.003 -17"><span class='ocrx_word' id='word_1_55' title='bbox 628 1026 731 1067; x_wconf 89' lang='lat' dir='ltr'>eos</span> <span class='ocrx_word' id='word_1_56' title='bbox 760 1002 869 1084; x_wconf 85' lang='lat' dir='ltr'>qui</span> <span class='ocrx_word' id='word_1_57' title='bbox 894 1001 1057 1063; x_wconf 85' lang='lat' dir='ltr'>ultra</span> <span class='ocrx_word' id='word_1_58' title='bbox 1083 1001 1392 1080; x_wconf 79' lang='lat' dir='ltr'>vulgarem</span> <span class='ocrx_word' id='word_1_59' title='bbox 1418 999 1667 1061; x_wconf 90' lang='lat' dir='ltr'>modum</span> <span class='ocrx_word' id='word_1_60' title='bbox 1697 1000 2050 1076; x_wconf 84' lang='lat' dir='ltr'>senuissent,</span> <span class='ocrx_word' id='word_1_61' title='bbox 2091 998 2251 1062; x_wconf 87' lang='lat' dir='ltr'>illius</span> <span class='ocrx_word' id='word_1_62' title='bbox 2278 1000 2475 1077; x_wconf 81' lang='lat' dir='ltr'>magni</span> <span class='ocrx_word' id='word_1_63' title='bbox 2504 1009 2710 1063; x_wconf 83' lang='lat' dir='ltr'>terrae</span> <span class='ocrx_word' id='word_1_64' title='bbox 2728 1024 2872 1062; x_wconf 86' lang='lat' dir='ltr'>mo·</span> 
     </span>
     <span class='ocr_line' id='line_1_9' title="bbox 626 1086 2871 1171; baseline -0.002 -18"><span class='ocrx_word' id='word_1_65' title='bbox 626 1101 731 1153; x_wconf 87' lang='lat' dir='ltr'>tus</span> <span class='ocrx_word' id='word_1_66' title='bbox 757 1088 1028 1171; x_wconf 87' lang='lat' dir='ltr'>potuisse</span> <span class='ocrx_word' id='word_1_67' title='bbox 1052 1087 1398 1149; x_wconf 90' lang='lat' dir='ltr'>memoriam</span> <span class='ocrx_word' id='word_1_68' title='bbox 1424 1086 1653 1152; x_wconf 86' lang='lat' dir='ltr'>testari.</span> <span class='ocrx_word' id='word_1_69' title='bbox 1713 1107 1900 1167; x_wconf 78' lang='lat' dir='ltr'>quere</span> <span class='ocrx_word' id='word_1_70' title='bbox 1929 1086 2319 1148; x_wconf 80' lang='lat' dir='ltr'>verisimilius</span> <span class='ocrx_word' id='word_1_71' title='bbox 2351 1088 2511 1147; x_wconf 82' lang='lat' dir='ltr'>sorte</span> <span class='ocrx_word' id='word_1_72' title='bbox 2536 1088 2742 1148; x_wconf 82' lang='lat' dir='ltr'>suerit</span> <span class='ocrx_word' id='word_1_73' title='bbox 2765 1088 2871 1148; x_wconf 84' lang='lat' dir='ltr'>hic</span> 
     </span>
     <span class='ocr_line' id='line_1_10' title="bbox 629 1172 2869 1257; baseline 0 -21"><span class='ocrx_word' id='word_1_74' title='bbox 629 1174 954 1257; x_wconf 80' lang='lat' dir='ltr'>significari</span> <span class='ocrx_word' id='word_1_75' title='bbox 984 1182 1181 1236; x_wconf 85' lang='lat' dir='ltr'>terrae</span> <span class='ocrx_word' id='word_1_76' title='bbox 1214 1184 1446 1236; x_wconf 91' lang='lat' dir='ltr'>motum</span> <span class='ocrx_word' id='word_1_77' title='bbox 1484 1172 1628 1235; x_wconf 88' lang='lat' dir='ltr'>anni</span> <span class='ocrx_word' id='word_1_78' title='bbox 1658 1177 1840 1250; x_wconf 79' lang='grc'><strong>1222,</strong></span> <span class='ocrx_word' id='word_1_79' title='bbox 1866 1193 1984 1254; x_wconf 83' lang='lat' dir='ltr'>quo</span> <span class='ocrx_word' id='word_1_80' title='bbox 2017 1173 2327 1236; x_wconf 85' lang='lat' dir='ltr'>Caesarius</span> <span class='ocrx_word' id='word_1_81' title='bbox 2353 1172 2515 1241; x_wconf 89' lang='lat' dir='ltr'>1.1o</span> <span class='ocrx_word' id='word_1_82' title='bbox 2540 1193 2596 1237; x_wconf 82' lang='lat' dir='ltr'>c.</span> <span class='ocrx_word' id='word_1_83' title='bbox 2633 1176 2732 1242; x_wconf 78' lang='lat'>47</span> <span class='ocrx_word' id='word_1_84' title='bbox 2761 1194 2869 1237; x_wconf 84' lang='lat' dir='ltr'>re-</span> 
     </span>
     <span class='ocr_line' id='line_1_11' title="bbox 631 1259 2870 1343; baseline -0.002 -17"><span class='ocrx_word' id='word_1_85' title='bbox 631 1264 754 1327; x_wconf 73' lang='lat' dir='ltr'>fert</span> <span class='ocrx_word' id='word_1_86' title='bbox 778 1262 844 1321; x_wconf 92' lang='lat' dir='ltr'>in</span> <span class='ocrx_word' id='word_1_87' title='bbox 870 1261 1071 1343; x_wconf 83' lang='lat' dir='ltr'>Cypro</span> <span class='ocrx_word' id='word_1_88' title='bbox 1100 1260 1298 1322; x_wconf 88' lang='lat' dir='ltr'>insula</span> <span class='ocrx_word' id='word_1_89' title='bbox 1318 1262 1465 1323; x_wconf 83' lang='lat' dir='ltr'>duas</span> <span class='ocrx_word' id='word_1_90' title='bbox 1493 1259 1769 1323; x_wconf 79' lang='lat' dir='ltr'>civitates</span> <span class='ocrx_word' id='word_1_91' title='bbox 1794 1269 1990 1321; x_wconf 88' lang='lat' dir='ltr'>terrae</span> <span class='ocrx_word' id='word_1_92' title='bbox 2014 1269 2185 1321; x_wconf 90' lang='lat' dir='ltr'>motu</span> <span class='ocrx_word' id='word_1_93' title='bbox 2214 1260 2396 1321; x_wconf 75' lang='lat' dir='ltr'>fuisse</span> <span class='ocrx_word' id='word_1_94' title='bbox 2424 1259 2778 1337; x_wconf 79' lang='lat' dir='ltr'>subversas,</span> <span class='ocrx_word' id='word_1_95' title='bbox 2809 1271 2870 1322; x_wconf 80' lang='lat' dir='ltr'>et</span> 
     </span>
     <span class='ocr_line' id='line_1_12' title="bbox 629 1346 2868 1430; baseline -0 -19"><span class='ocrx_word' id='word_1_96' title='bbox 629 1350 699 1411; x_wconf 90' lang='lat' dir='ltr'>in</span> <span class='ocrx_word' id='word_1_97' title='bbox 728 1368 929 1409; x_wconf 89' lang='lat' dir='ltr'>earum</span> <span class='ocrx_word' id='word_1_98' title='bbox 960 1347 1146 1409; x_wconf 86' lang='lat' dir='ltr'>altera</span> <span class='ocrx_word' id='word_1_99' title='bbox 1178 1368 1527 1430; x_wconf 77' lang='lat' dir='ltr'>episcopum</span> <span class='ocrx_word' id='word_1_100' title='bbox 1556 1347 1747 1407; x_wconf 87' lang='lat' dir='ltr'>sacris</span> <span class='ocrx_word' id='word_1_101' title='bbox 1776 1355 2123 1428; x_wconf 74' lang='lat' dir='ltr'>operantem</span> <span class='ocrx_word' id='word_1_102' title='bbox 2149 1357 2212 1408; x_wconf 87' lang='lat' dir='ltr'>et</span> <span class='ocrx_word' id='word_1_103' title='bbox 2225 1346 2451 1409; x_wconf 87' lang='lat' dir='ltr'>circum</span> <span class='ocrx_word' id='word_1_104' title='bbox 2469 1357 2868 1428; x_wconf 73' lang='lat' dir='ltr'>praesentem</span> 
     </span>
     <span class='ocr_line' id='line_1_13' title="bbox 629 1432 2191 1519; baseline -0.001 -24"><span class='ocrx_word' id='word_1_105' title='bbox 629 1434 930 1519; x_wconf 86' lang='lat' dir='ltr'>populum</span> <span class='ocrx_word' id='word_1_106' title='bbox 957 1433 1172 1517; x_wconf 88' lang='lat' dir='ltr'>templi</span> <span class='ocrx_word' id='word_1_107' title='bbox 1191 1434 1372 1498; x_wconf 82' lang='lat' dir='ltr'>ruina</span> <span class='ocrx_word' id='word_1_108' title='bbox 1393 1442 1623 1516; x_wconf 79' lang='lat' dir='ltr'>pariter</span> <span class='ocrx_word' id='word_1_109' title='bbox 1648 1432 1900 1494; x_wconf 83' lang='lat' dir='ltr'>obrutos</span> <span class='ocrx_word' id='word_1_110' title='bbox 1923 1432 2191 1515; x_wconf 88' lang='lat' dir='ltr'>periisse.</span> 
     </span>
    </p>

    <p class='ocr_par' dir='ltr' id='par_1_3' title="bbox 630 1516 2868 2382">
     <span class='ocr_line' id='line_1_14' title="bbox 802 1516 2864 1603; baseline -0.003 -15"><span class='ocrx_word' id='word_1_111' title='bbox 802 1542 868 1603; x_wconf 81' lang='lat' dir='ltr'>p·</span> <span class='ocrx_word' id='word_1_112' title='bbox 917 1524 1045 1589; x_wconf 80' lang='lat'>289</span> <span class='ocrx_word' id='word_1_113' title='bbox 1083 1540 1148 1583; x_wconf 74' lang='lat' dir='ltr'>v-</span> <span class='ocrx_word' id='word_1_114' title='bbox 1195 1524 1296 1589; x_wconf 87' lang='lat'><strong>16.</strong></span> <span class='ocrx_word' id='word_1_115' title='bbox 1393 1521 1608 1582; x_wconf 83' lang='lat' dir='ltr'>Petrus</span> <span class='ocrx_word' id='word_1_116' title='bbox 1651 1518 1872 1580; x_wconf 86' lang='lat' dir='ltr'>Gillius</span> <span class='ocrx_word' id='word_1_117' title='bbox 1923 1519 1967 1581; x_wconf 86' lang='lat' dir='ltr'>l.</span> <span class='ocrx_word' id='word_1_118' title='bbox 2004 1523 2070 1592; x_wconf 90' lang='grc'><strong>2</strong></span> <span class='ocrx_word' id='word_1_119' title='bbox 2094 1518 2171 1580; x_wconf 90' lang='lat' dir='ltr'>de</span> <span class='ocrx_word' id='word_1_120' title='bbox 2220 1516 2646 1601; x_wconf 65' lang='lat' dir='ltr'>&#39;topographia</span> <span class='ocrx_word' id='word_1_121' title='bbox 2683 1518 2864 1582; x_wconf 71' lang='lat' dir='ltr'>urhis</span> 
     </span>
     <span class='ocr_line' id='line_1_15' title="bbox 633 1579 2868 1690; baseline -0 -21"><span class='ocrx_word' id='word_1_122' title='bbox 633 1607 1187 1690; x_wconf 86' lang='lat' dir='ltr'>Constsntinopolis</span> <span class='ocrx_word' id='word_1_123' title='bbox 1216 1628 1270 1670; x_wconf 90' lang='lat' dir='ltr'>c.</span> <span class='ocrx_word' id='word_1_124' title='bbox 1303 1611 1344 1674; x_wconf 90' lang='grc'><strong>6</strong></span> <span class='ocrx_word' id='word_1_125' title='bbox 1369 1606 1674 1669; x_wconf 81' lang='lat' dir='ltr'>existimat</span> <span class='ocrx_word' id='word_1_126' title='bbox 1696 1605 1959 1667; x_wconf 84' lang='lat' dir='ltr'>Pharum</span> <span class='ocrx_word' id='word_1_127' title='bbox 1987 1579 2174 1667; x_wconf 80' lang='lat' dir='ltr'>fuisse</span> <span class='ocrx_word' id='word_1_128' title='bbox 2196 1605 2369 1668; x_wconf 90' lang='lat' dir='ltr'>sitam</span> <span class='ocrx_word' id='word_1_129' title='bbox 2399 1607 2464 1666; x_wconf 92' lang='lat' dir='ltr'>in</span> <span class='ocrx_word' id='word_1_130' title='bbox 2487 1617 2868 1688; x_wconf 85' lang='lat' dir='ltr'>promonto-</span> 
     </span>
     <span class='ocr_line' id='line_1_16' title="bbox 634 1691 2864 1772; baseline -0.001 -16"><span class='ocrx_word' id='word_1_131' title='bbox 634 1695 730 1756; x_wconf 88' lang='lat' dir='ltr'>rio</span> <span class='ocrx_word' id='word_1_132' title='bbox 763 1694 949 1755; x_wconf 76' lang='lat' dir='ltr'>Cerae</span> <span class='ocrx_word' id='word_1_133' title='bbox 972 1693 1156 1758; x_wconf 88' lang='lat' dir='ltr'>dicto.</span> <span class='ocrx_word' id='word_1_134' title='bbox 1243 1693 1320 1755; x_wconf 90' lang='lat' dir='ltr'>de</span> <span class='ocrx_word' id='word_1_135' title='bbox 1346 1691 1461 1754; x_wconf 80' lang='lat' dir='ltr'>hac</span> <span class='ocrx_word' id='word_1_136' title='bbox 1495 1693 1693 1755; x_wconf 85' lang='lat' dir='ltr'>Pharo</span> <span class='ocrx_word' id='word_1_137' title='bbox 1728 1691 1832 1753; x_wconf 81' lang='lat' dir='ltr'>hic</span> <span class='ocrx_word' id='word_1_138' title='bbox 1858 1692 1952 1772; x_wconf 77' lang='lat' dir='ltr'>agi</span> <span class='ocrx_word' id='word_1_139' title='bbox 1985 1691 2309 1754; x_wconf 87' lang='lat' dir='ltr'>verisimile</span> <span class='ocrx_word' id='word_1_140' title='bbox 2333 1692 2597 1756; x_wconf 79' lang='lat' dir='ltr'>videtur.</span> <span class='ocrx_word' id='word_1_141' title='bbox 2689 1692 2864 1755; x_wconf 81' lang='lat' dir='ltr'>unde</span> 
     </span>
     <span class='ocr_line' id='line_1_17' title="bbox 638 1777 2860 1858; baseline -0.001 -16"><span class='ocrx_word' id='word_1_142' title='bbox 638 1779 998 1842; x_wconf 79' lang='lat' dir='ltr'>crediderim</span> <span class='ocrx_word' id='word_1_143' title='bbox 1027 1781 1306 1842; x_wconf 89' lang='lat' dir='ltr'>aberrare</span> <span class='ocrx_word' id='word_1_144' title='bbox 1327 1779 1402 1839; x_wconf 73' lang='lat' dir='ltr'>ab</span> <span class='ocrx_word' id='word_1_145' title='bbox 1432 1779 1699 1841; x_wconf 86' lang='lat' dir='ltr'>auctoris</span> <span class='ocrx_word' id='word_1_146' title='bbox 1720 1778 2017 1841; x_wconf 79' lang='lat' dir='ltr'>sententis</span> <span class='ocrx_word' id='word_1_147' title='bbox 2047 1777 2448 1840; x_wconf 79' lang='lat' dir='ltr'>breviatorem</span> <span class='ocrx_word' id='word_1_148' title='bbox 2470 1779 2860 1858; x_wconf 85' lang='lat' dir='ltr'>Vaticanum,</span> 
     </span>
     <span class='ocr_line' id='line_1_18' title="bbox 637 1862 2864 1947; baseline -0 -20"><span class='ocrx_word' id='word_1_149' title='bbox 637 1867 787 1928; x_wconf 89' lang='lat' dir='ltr'>dum</span> <span class='ocrx_word' id='word_1_150' title='bbox 823 1864 938 1928; x_wconf 87' lang='lat' dir='ltr'>hos</span> <span class='ocrx_word' id='word_1_151' title='bbox 974 1865 1261 1927; x_wconf 90' lang='lat' dir='ltr'>terminos</span> <span class='ocrx_word' id='word_1_152' title='bbox 1301 1865 1483 1947; x_wconf 84' lang='lat' dir='ltr'>spatii</span> <span class='ocrx_word' id='word_1_153' title='bbox 1532 1865 1696 1927; x_wconf 88' lang='lat' dir='ltr'>intra</span> <span class='ocrx_word' id='word_1_154' title='bbox 1732 1864 1903 1946; x_wconf 74' lang='lat' dir='ltr'>quod</span> <span class='ocrx_word' id='word_1_155' title='bbox 1942 1862 2259 1944; x_wconf 74' lang='lat' dir='ltr'>digladiari</span> <span class='ocrx_word' id='word_1_156' title='bbox 2302 1864 2511 1927; x_wconf 87' lang='lat' dir='ltr'>Veneti</span> <span class='ocrx_word' id='word_1_157' title='bbox 2541 1885 2690 1927; x_wconf 77' lang='lat' dir='ltr'>cnm</span> <span class='ocrx_word' id='word_1_158' title='bbox 2721 1866 2864 1926; x_wconf 85' lang='lat' dir='ltr'>Ge-</span> 
     </span>
     <span class='ocr_line' id='line_1_19' title="bbox 638 1949 2860 2055; baseline -0.001 -40"><span class='ocrx_word' id='word_1_159' title='bbox 638 1952 968 2015; x_wconf 89' lang='lat' dir='ltr'>nuensibus</span> <span class='ocrx_word' id='word_1_160' title='bbox 997 1971 1073 2012; x_wconf 81' lang='lat' dir='ltr'>ex</span> <span class='ocrx_word' id='word_1_161' title='bbox 1100 1960 1276 2035; x_wconf 77' lang='lat' dir='ltr'>pecto</span> <span class='ocrx_word' id='word_1_162' title='bbox 1306 1971 1446 2012; x_wconf 88' lang='lat' dir='ltr'>cum</span> <span class='ocrx_word' id='word_1_163' title='bbox 1468 1949 1834 2055; x_wconf 69' lang='lat' dir='ltr'>imperatore</span> <span class='ocrx_word' id='word_1_164' title='bbox 1857 1949 2010 2011; x_wconf 89' lang='lat' dir='ltr'>inito</span> <span class='ocrx_word' id='word_1_165' title='bbox 2037 1950 2378 2031; x_wconf 72' lang='lat' dir='ltr'>nequirent,</span> <span class='ocrx_word' id='word_1_166' title='bbox 2418 1951 2506 2013; x_wconf 91' lang='lat' dir='ltr'>sic</span> <span class='ocrx_word' id='word_1_167' title='bbox 2527 1951 2860 2034; x_wconf 81' lang='lat' dir='ltr'>exprimit.</span> 
     </span>
     <span class='ocr_line' id='line_1_20' title="bbox 638 2032 2857 2120; baseline -0.003 -17"><span class='ocrx_word' id='word_1_168' title='bbox 638 2033 762 2103; x_wconf 71' lang='grc' dir='ltr'>ἄπο</span> <span class='ocrx_word' id='word_1_169' title='bbox 796 2042 910 2103; x_wconf 72' lang='grc' dir='ltr'>τοῦ</span> <span class='ocrx_word' id='word_1_170' title='bbox 935 2042 1153 2104; x_wconf 75' lang='grc' dir='ltr'><strong><em>στενοῦ</em></strong></span> <span class='ocrx_word' id='word_1_171' title='bbox 1177 2032 1682 2113; x_wconf 74' lang='grc' dir='ltr'><strong>Καλλιουπὸλεως</strong></span> <span class='ocrx_word' id='word_1_172' title='bbox 1701 2035 1876 2120; x_wconf 66' lang='grc' dir='ltr'><strong>ιιᾶχρι</strong></span> <span class='ocrx_word' id='word_1_173' title='bbox 1912 2034 2018 2100; x_wconf 70' lang='grc' dir='ltr'>καὶ</span> <span class='ocrx_word' id='word_1_174' title='bbox 2059 2040 2175 2101; x_wconf 80' lang='grc' dir='ltr'>τοῦ</span> <span class='ocrx_word' id='word_1_175' title='bbox 2201 2036 2390 2120; x_wconf 73' lang='grc' dir='ltr'>ἱεροῦ.</span> <span class='ocrx_word' id='word_1_176' title='bbox 2474 2037 2628 2118; x_wconf 83' lang='lat' dir='ltr'>quid</span> <span class='ocrx_word' id='word_1_177' title='bbox 2670 2046 2857 2100; x_wconf 79' lang='lat' dir='ltr'>vocet</span> 
     </span>
     <span class='ocr_line' id='line_1_21' title="bbox 635 2116 2863 2209; baseline -0.003 -18"><span class='ocrx_word' id='word_1_178' title='bbox 635 2116 852 2209; x_wconf 60' lang='lat' dir='ltr'>hocin*</span> <span class='ocrx_word' id='word_1_179' title='bbox 831 2145 962 2207; x_wconf 76' lang='lat' dir='ltr'>ipse</span> <span class='ocrx_word' id='word_1_180' title='bbox 989 2124 1229 2188; x_wconf 83' lang='lat' dir='ltr'>viderit.</span> <span class='ocrx_word' id='word_1_181' title='bbox 1317 2124 1518 2186; x_wconf 81' lang='lat' dir='ltr'>fauces</span> <span class='ocrx_word' id='word_1_182' title='bbox 1549 2124 1791 2205; x_wconf 82' lang='lat' dir='ltr'>quidem</span> <span class='ocrx_word' id='word_1_183' title='bbox 1821 2122 1900 2185; x_wconf 84' lang='lat' dir='ltr'>ad</span> <span class='ocrx_word' id='word_1_184' title='bbox 1926 2122 2269 2206; x_wconf 85' lang='lat' dir='ltr'>Callipolim</span> <span class='ocrx_word' id='word_1_185' title='bbox 2294 2122 2533 2185; x_wconf 90' lang='lat' dir='ltr'>eaedem</span> <span class='ocrx_word' id='word_1_186' title='bbox 2562 2145 2692 2186; x_wconf 87' lang='lat' dir='ltr'>non</span> <span class='ocrx_word' id='word_1_187' title='bbox 2714 2133 2863 2185; x_wconf 84' lang='lat' dir='ltr'>sunt</span> 
     </span>
     <span class='ocr_line' id='line_1_22' title="bbox 634 2209 2858 2294; baseline 0 -22"><span class='ocrx_word' id='word_1_188' title='bbox 634 2232 776 2273; x_wconf 89' lang='lat' dir='ltr'>cum</span> <span class='ocrx_word' id='word_1_189' title='bbox 816 2211 1089 2274; x_wconf 73' lang='lat' dir='ltr'>faucibus</span> <span class='ocrx_word' id='word_1_190' title='bbox 1128 2232 1279 2294; x_wconf 85' lang='lat' dir='ltr'>quae</span> <span class='ocrx_word' id='word_1_191' title='bbox 1324 2210 1403 2272; x_wconf 89' lang='lat' dir='ltr'>ad</span> <span class='ocrx_word' id='word_1_192' title='bbox 1442 2213 1660 2273; x_wconf 85' lang='lat' dir='ltr'>Seston</span> <span class='ocrx_word' id='word_1_193' title='bbox 1699 2220 1761 2272; x_wconf 89' lang='lat' dir='ltr'>et</span> <span class='ocrx_word' id='word_1_194' title='bbox 1800 2209 2120 2293; x_wconf 74' lang='lat' dir='ltr'>Abydum,</span> <span class='ocrx_word' id='word_1_195' title='bbox 2178 2209 2287 2273; x_wconf 86' lang='lat' dir='ltr'>sed</span> <span class='ocrx_word' id='word_1_196' title='bbox 2327 2229 2361 2271; x_wconf 94' lang='lat' dir='ltr'>e</span> <span class='ocrx_word' id='word_1_197' title='bbox 2385 2210 2682 2274; x_wconf 87' lang='lat' dir='ltr'>diametro</span> <span class='ocrx_word' id='word_1_198' title='bbox 2715 2211 2858 2272; x_wconf 87' lang='lat' dir='ltr'>illae</span> 
     </span>
     <span class='ocr_line' id='line_1_23' title="bbox 630 2297 2581 2382; baseline -0.001 -21"><span class='ocrx_word' id='word_1_199' title='bbox 630 2307 773 2361; x_wconf 82' lang='lat' dir='ltr'>sunt</span> <span class='ocrx_word' id='word_1_200' title='bbox 794 2297 1052 2360; x_wconf 83' lang='lat' dir='ltr'>invicem</span> <span class='ocrx_word' id='word_1_201' title='bbox 1078 2298 1425 2382; x_wconf 87' lang='lat' dir='ltr'>oppositae,</span> <span class='ocrx_word' id='word_1_202' title='bbox 1467 2298 1663 2359; x_wconf 84' lang='lat' dir='ltr'>media</span> <span class='ocrx_word' id='word_1_203' title='bbox 1691 2297 1851 2359; x_wconf 87' lang='lat' dir='ltr'>inter</span> <span class='ocrx_word' id='word_1_204' title='bbox 1870 2307 2160 2380; x_wconf 84' lang='lat' dir='ltr'>utrasque</span> <span class='ocrx_word' id='word_1_205' title='bbox 2188 2297 2581 2379; x_wconf 84' lang='lat' dir='ltr'>Propontide.</span> 
     </span>
    </p>

    <p class='ocr_par' dir='ltr' id='par_1_4' title="bbox 420 2382 2855 2620">
     <span class='ocr_line' id='line_1_24' title="bbox 420 2382 2854 2470; baseline 0.002 -23"><span class='ocrx_word' id='word_1_206' title='bbox 420 2388 468 2447; x_wconf 84' lang='lat' dir='ltr'>P</span> <span class='ocrx_word' id='word_1_207' title='bbox 498 2389 605 2449; x_wconf 73' lang='lat'>5³9</span> <span class='ocrx_word' id='word_1_208' title='bbox 805 2383 1018 2467; x_wconf 78' lang='lat' dir='ltr'>p.242</span> <span class='ocrx_word' id='word_1_209' title='bbox 1048 2403 1110 2447; x_wconf 79' lang='lat' dir='ltr'>v.</span> <span class='ocrx_word' id='word_1_210' title='bbox 1148 2390 1248 2453; x_wconf 89' lang='lat'>11.</span> <span class='ocrx_word' id='word_1_211' title='bbox 1331 2383 1516 2461; x_wconf 88' lang='lat' dir='ltr'>Quod</span> <span class='ocrx_word' id='word_1_212' title='bbox 1543 2384 1782 2448; x_wconf 87' lang='lat' dir='ltr'>codices</span> <span class='ocrx_word' id='word_1_213' title='bbox 1812 2385 1861 2445; x_wconf 89' lang='lat' dir='ltr'>B</span> <span class='ocrx_word' id='word_1_214' title='bbox 1894 2393 1956 2446; x_wconf 91' lang='lat' dir='ltr'>et</span> <span class='ocrx_word' id='word_1_215' title='bbox 1981 2384 2032 2447; x_wconf 74' lang='lat' dir='ltr'>A</span> <span class='ocrx_word' id='word_1_216' title='bbox 2075 2382 2143 2450; x_wconf 69' lang='grc' dir='ltr'>ἔκ</span> <span class='ocrx_word' id='word_1_217' title='bbox 2169 2408 2339 2470; x_wconf 77' lang='grc' dir='ltr'><strong>τινος</strong></span> <span class='ocrx_word' id='word_1_218' title='bbox 2369 2384 2572 2463; x_wconf 72' lang='grc' dir='ltr'><strong><em>αἰτίας</em></strong></span> <span class='ocrx_word' id='word_1_219' title='bbox 2613 2383 2854 2463; x_wconf 66' lang='grc' dir='ltr'>εἰκαίας</span> 
     </span>
     <span class='ocr_line' id='line_1_25' title="bbox 626 2469 2855 2555; baseline 0.001 -21"><span class='ocrx_word' id='word_1_220' title='bbox 626 2470 887 2549; x_wconf 83' lang='lat' dir='ltr'>habent,</span> <span class='ocrx_word' id='word_1_221' title='bbox 933 2470 1064 2535; x_wconf 68' lang='lat' dir='ltr'>vat.</span> <span class='ocrx_word' id='word_1_222' title='bbox 1102 2470 1394 2552; x_wconf 80' lang='lat' dir='ltr'>exprimit</span> <span class='ocrx_word' id='word_1_223' title='bbox 1436 2469 1503 2536; x_wconf 71' lang='grc' dir='ltr'>ἔκ</span> <span class='ocrx_word' id='word_1_224' title='bbox 1543 2495 1710 2549; x_wconf 72' lang='grc' dir='ltr'><strong>τινος</strong></span> <span class='ocrx_word' id='word_1_225' title='bbox 1739 2474 2088 2555; x_wconf 76' lang='grc' dir='ltr'><strong>μηδαμινῆς</strong></span> <span class='ocrx_word' id='word_1_226' title='bbox 2123 2471 2356 2552; x_wconf 72' lang='grc' dir='ltr'>αἰτίας,</span> <span class='ocrx_word' id='word_1_227' title='bbox 2395 2493 2598 2535; x_wconf 71' lang='lat' dir='ltr'>caum</span> <span class='ocrx_word' id='word_1_228' title='bbox 2627 2475 2732 2537; x_wconf 77' lang='lat' dir='ltr'>vel</span> <span class='ocrx_word' id='word_1_229' title='bbox 2758 2475 2855 2537; x_wconf 77' lang='lat' dir='ltr'>ol*-</span> 
     </span>
     <span class='ocr_line' id='line_1_26' title="bbox 627 2556 1251 2620; baseline -0.007 0"><span class='ocrx_word' id='word_1_230' title='bbox 627 2556 1011 2620; x_wconf 73' lang='lat' dir='ltr'>fensiuncula</span> <span class='ocrx_word' id='word_1_231' title='bbox 1042 2557 1251 2619; x_wconf 72' lang='lat' dir='ltr'>nihili.</span> 
     </span>
    </p>

    <p class='ocr_par' dir='ltr' id='par_1_5' title="bbox 797 2639 2850 2724">
     <span class='ocr_line' id='line_1_27' title="bbox 797 2639 2850 2724; baseline 0.001 -18"><span class='ocrx_word' id='word_1_232' title='bbox 797 2663 860 2707; x_wconf 78' lang='lat' dir='ltr'>v.</span> <span class='ocrx_word' id='word_1_233' title='bbox 893 2644 992 2711; x_wconf 90' lang='lat'><strong>16.</strong></span> <span class='ocrx_word' id='word_1_234' title='bbox 1078 2665 1183 2704; x_wconf 72' lang='lat' dir='ltr'>rex</span> <span class='ocrx_word' id='word_1_235' title='bbox 1217 2641 1620 2705; x_wconf 65' lang='lat' dir='ltr'>Armenias..</span> <span class='ocrx_word' id='word_1_236' title='bbox 1636 2685 1690 2709; x_wconf 90' lang='lat'>..</span> <span class='ocrx_word' id='word_1_237' title='bbox 1775 2639 1944 2703; x_wconf 86' lang='lat' dir='ltr'>hunc</span> <span class='ocrx_word' id='word_1_238' title='bbox 1984 2659 2190 2723; x_wconf 73' lang='lat' dir='ltr'>regem</span> <span class='ocrx_word' id='word_1_239' title='bbox 2224 2640 2542 2724; x_wconf 78' lang='lat' dir='ltr'>Armeniae</span> <span class='ocrx_word' id='word_1_240' title='bbox 2588 2646 2850 2708; x_wconf 72' lang='lat' dir='ltr'>sanutu-</span> 
     </span>
    </p>
   </div>
   <div class='ocr_carea' id='block_1_3' title="bbox 624 2729 2861 4467">
    <p class='ocr_par' dir='ltr' id='par_1_6' title="bbox 629 2729 2861 3925">
     <span class='ocr_line' id='line_1_28' title="bbox 630 2729 2852 2814; baseline 0 -21"><span class='ocrx_word' id='word_1_241' title='bbox 630 2731 675 2793; x_wconf 87' lang='lat'>1.</span> <span class='ocrx_word' id='word_1_242' title='bbox 711 2734 752 2796; x_wconf 83' lang='grc'><strong>8</strong></span> <span class='ocrx_word' id='word_1_243' title='bbox 792 2751 858 2814; x_wconf 83' lang='lat' dir='ltr'>p.</span> <span class='ocrx_word' id='word_1_244' title='bbox 897 2735 977 2798; x_wconf 82' lang='grc'><strong>18</strong></span> <span class='ocrx_word' id='word_1_245' title='bbox 1017 2751 1071 2791; x_wconf 94' lang='lat' dir='ltr'>c.</span> <span class='ocrx_word' id='word_1_246' title='bbox 1107 2736 1150 2797; x_wconf 79' lang='lat'><strong>2</strong></span> <span class='ocrx_word' id='word_1_247' title='bbox 1196 2729 1582 2811; x_wconf 80' lang='lat' dir='ltr'>Haythonem</span> <span class='ocrx_word' id='word_1_248' title='bbox 1622 2739 1830 2808; x_wconf 81' lang='lat' dir='ltr'>vocat,</span> <span class='ocrx_word' id='word_1_249' title='bbox 1886 2739 1947 2792; x_wconf 90' lang='lat' dir='ltr'>et</span> <span class='ocrx_word' id='word_1_250' title='bbox 1988 2729 2226 2792; x_wconf 82' lang='lat' dir='ltr'>venisse</span> <span class='ocrx_word' id='word_1_251' title='bbox 2265 2730 2852 2814; x_wconf 75' lang='lat' dir='ltr'>Constantinopolin</span> 
     </span>
     <span class='ocr_line' id='line_1_29' title="bbox 631 2815 2851 2900; baseline 0.002 -22"><span class='ocrx_word' id='word_1_252' title='bbox 631 2815 784 2878; x_wconf 89' lang='lat' dir='ltr'>dicit</span> <span class='ocrx_word' id='word_1_253' title='bbox 810 2837 882 2879; x_wconf 92' lang='lat' dir='ltr'>eo</span> <span class='ocrx_word' id='word_1_254' title='bbox 910 2816 1077 2897; x_wconf 85' lang='lat' dir='ltr'>quod</span> <span class='ocrx_word' id='word_1_255' title='bbox 1099 2815 1359 2878; x_wconf 75' lang='lat' dir='ltr'>Micbeel</span> <span class='ocrx_word' id='word_1_256' title='bbox 1383 2815 1716 2879; x_wconf 78' lang='lat' dir='ltr'>Andronici</span> <span class='ocrx_word' id='word_1_257' title='bbox 1734 2815 1893 2878; x_wconf 84' lang='lat' dir='ltr'>filius</span> <span class='ocrx_word' id='word_1_258' title='bbox 1919 2837 2188 2879; x_wconf 84' lang='lat' dir='ltr'>sororem</span> <span class='ocrx_word' id='word_1_259' title='bbox 2218 2836 2386 2877; x_wconf 90' lang='lat' dir='ltr'>suam</span> <span class='ocrx_word' id='word_1_260' title='bbox 2413 2816 2851 2900; x_wconf 66' lang='lat' dir='ltr'>desponsasset.</span> 
     </span>
     <span class='ocr_line' id='line_1_30' title="bbox 634 2902 2854 2986; baseline 0.002 -21"><span class='ocrx_word' id='word_1_261' title='bbox 634 2912 980 2985; x_wconf 81' lang='lat' dir='ltr'>congruunt</span> <span class='ocrx_word' id='word_1_262' title='bbox 998 2902 1145 2964; x_wconf 87' lang='lat' dir='ltr'>haec</span> <span class='ocrx_word' id='word_1_263' title='bbox 1179 2924 1317 2965; x_wconf 88' lang='lat' dir='ltr'>cum</span> <span class='ocrx_word' id='word_1_264' title='bbox 1349 2902 1744 2986; x_wconf 81' lang='lat' dir='ltr'>Pacbymere,</span> <span class='ocrx_word' id='word_1_265' title='bbox 1788 2903 1893 2985; x_wconf 86' lang='lat' dir='ltr'>qui</span> <span class='ocrx_word' id='word_1_266' title='bbox 1920 2903 2200 2986; x_wconf 87' lang='lat' dir='ltr'>superius</span> <span class='ocrx_word' id='word_1_267' title='bbox 2224 2903 2435 2966; x_wconf 86' lang='lat' dir='ltr'>docuit</span> <span class='ocrx_word' id='word_1_268' title='bbox 2455 2903 2616 2986; x_wconf 76' lang='lat' dir='ltr'>regis</span> <span class='ocrx_word' id='word_1_269' title='bbox 2644 2909 2854 2968; x_wconf 72' lang='lat' dir='ltr'>Arme—</span> 
     </span>
     <span class='ocr_line' id='line_1_31' title="bbox 631 2990 2852 3074; baseline 0.001 -22"><span class='ocrx_word' id='word_1_270' title='bbox 631 2990 772 3052; x_wconf 85' lang='lat' dir='ltr'>niae</span> <span class='ocrx_word' id='word_1_271' title='bbox 796 2990 984 3052; x_wconf 83' lang='lat' dir='ltr'>filiam</span> <span class='ocrx_word' id='word_1_272' title='bbox 1007 2990 1254 3052; x_wconf 74' lang='lat' dir='ltr'>Mariam</span> <span class='ocrx_word' id='word_1_273' title='bbox 1281 2991 1527 3052; x_wconf 86' lang='lat' dir='ltr'>nomine</span> <span class='ocrx_word' id='word_1_274' title='bbox 1546 2990 1822 3052; x_wconf 74' lang='grc' dir='ltr'><strong>Μιοιιιὲῐι</strong></span> <span class='ocrx_word' id='word_1_275' title='bbox 1853 2992 2148 3074; x_wconf 82' lang='lat' dir='ltr'>nupsisse.</span> <span class='ocrx_word' id='word_1_276' title='bbox 2233 2990 2499 3074; x_wconf 81' lang='lat' dir='ltr'>explicat</span> <span class='ocrx_word' id='word_1_277' title='bbox 2522 3001 2729 3055; x_wconf 88' lang='lat' dir='ltr'>autem</span> <span class='ocrx_word' id='word_1_278' title='bbox 2755 2995 2852 3054; x_wconf 84' lang='lat' dir='ltr'>Sa-</span> 
     </span>
     <span class='ocr_line' id='line_1_32' title="bbox 635 3075 2854 3180; baseline 0.001 -41"><span class='ocrx_word' id='word_1_279' title='bbox 635 3086 826 3152; x_wconf 82' lang='lat' dir='ltr'>nutus</span> <span class='ocrx_word' id='word_1_280' title='bbox 865 3075 944 3139; x_wconf 85' lang='lat' dir='ltr'>de</span> <span class='ocrx_word' id='word_1_281' title='bbox 980 3097 1102 3157; x_wconf 82' lang='lat' dir='ltr'>quo</span> <span class='ocrx_word' id='word_1_282' title='bbox 1142 3096 1357 3158; x_wconf 76' lang='lat' dir='ltr'>genere</span> <span class='ocrx_word' id='word_1_283' title='bbox 1398 3078 1717 3140; x_wconf 79' lang='lat' dir='ltr'>convictus</span> <span class='ocrx_word' id='word_1_284' title='bbox 1750 3076 2144 3161; x_wconf 70' lang='lat' dir='ltr'>pachymeres</span> <span class='ocrx_word' id='word_1_285' title='bbox 2185 3087 2357 3180; x_wconf 46' lang='lat' dir='ltr'>agot·⁹</span> <span class='ocrx_word' id='word_1_286' title='bbox 2399 3080 2548 3140; x_wconf 88' lang='lat' dir='ltr'>dum</span> <span class='ocrx_word' id='word_1_287' title='bbox 2578 3082 2670 3142; x_wconf 89' lang='lat' dir='ltr'>ait</span> <span class='ocrx_word' id='word_1_288' title='bbox 2693 3077 2854 3142; x_wconf 82' lang='lat' dir='ltr'>hunc</span> 
     </span>
     <span class='ocr_line' id='line_1_33' title="bbox 638 3163 2855 3248; baseline 0.002 -23"><span class='ocrx_word' id='word_1_289' title='bbox 638 3182 839 3244; x_wconf 76' lang='lat' dir='ltr'>regem</span> <span class='ocrx_word' id='word_1_290' title='bbox 868 3183 1011 3225; x_wconf 87' lang='lat' dir='ltr'>cum</span> <span class='ocrx_word' id='word_1_291' title='bbox 1038 3163 1260 3226; x_wconf 81' lang='lat' dir='ltr'>Freriis</span> <span class='ocrx_word' id='word_1_292' title='bbox 1297 3163 1542 3226; x_wconf 77' lang='lat' dir='ltr'>vixisse.</span> <span class='ocrx_word' id='word_1_293' title='bbox 1628 3165 1808 3228; x_wconf 89' lang='lat' dir='ltr'>docet</span> <span class='ocrx_word' id='word_1_294' title='bbox 1846 3166 2077 3248; x_wconf 83' lang='lat' dir='ltr'>quippe</span> <span class='ocrx_word' id='word_1_295' title='bbox 2116 3166 2445 3248; x_wconf 86' lang='lat' dir='ltr'>sumpsisse</span> <span class='ocrx_word' id='word_1_296' title='bbox 2466 3166 2650 3228; x_wconf 84' lang='lat' dir='ltr'>illum</span> <span class='ocrx_word' id='word_1_297' title='bbox 2677 3165 2855 3229; x_wconf 78' lang='lat' dir='ltr'>habi-</span> 
     </span>
     <span class='ocr_line' id='line_1_34' title="bbox 636 3249 2855 3337; baseline 0.002 -26"><span class='ocrx_word' id='word_1_298' title='bbox 636 3258 773 3311; x_wconf 86' lang='lat' dir='ltr'>tum</span> <span class='ocrx_word' id='word_1_299' title='bbox 804 3250 1036 3311; x_wconf 86' lang='lat' dir='ltr'>ordinis</span> <span class='ocrx_word' id='word_1_300' title='bbox 1061 3249 1365 3312; x_wconf 70' lang='lat' dir='ltr'>Minoi-um</span> <span class='ocrx_word' id='word_1_301' title='bbox 1399 3253 1459 3312; x_wconf 89' lang='lat' dir='ltr'>S.</span> <span class='ocrx_word' id='word_1_302' title='bbox 1488 3251 1824 3330; x_wconf 84' lang='lat' dir='ltr'>Francisci‚</span> <span class='ocrx_word' id='word_1_303' title='bbox 1867 3262 1930 3314; x_wconf 91' lang='lat' dir='ltr'>et</span> <span class='ocrx_word' id='word_1_304' title='bbox 1955 3262 2027 3314; x_wconf 89' lang='lat' dir='ltr'>ut</span> <span class='ocrx_word' id='word_1_305' title='bbox 2059 3251 2325 3314; x_wconf 83' lang='lat' dir='ltr'>sodalem</span> <span class='ocrx_word' id='word_1_306' title='bbox 2357 3250 2580 3313; x_wconf 84' lang='lat' dir='ltr'>horum</span> <span class='ocrx_word' id='word_1_307' title='bbox 2607 3265 2855 3337; x_wconf 79' lang='lat' dir='ltr'>patrum</span> 
     </span>
     <span class='ocr_line' id='line_1_35' title="bbox 638 3335 2858 3438; baseline 0.003 -42"><span class='ocrx_word' id='word_1_308' title='bbox 638 3343 701 3396; x_wconf 88' lang='lat' dir='ltr'>et</span> <span class='ocrx_word' id='word_1_309' title='bbox 722 3336 970 3396; x_wconf 80' lang='lat' dir='ltr'>fratrem</span> <span class='ocrx_word' id='word_1_310' title='bbox 1000 3335 1521 3418; x_wconf 74' lang='lat' dir='ltr'>Constantinopoli</span> <span class='ocrx_word' id='word_1_311' title='bbox 1550 3337 1808 3413; x_wconf 81' lang='lat' dir='ltr'>vixisse3</span> <span class='ocrx_word' id='word_1_312' title='bbox 1853 3339 2016 3401; x_wconf 90' lang='lat' dir='ltr'>unde</span> <span class='ocrx_word' id='word_1_313' title='bbox 2037 3348 2280 3438; x_wconf 84' lang='lat' dir='ltr'>sumpta</span> <span class='ocrx_word' id='word_1_314' title='bbox 2294 3338 2614 3399; x_wconf 90' lang='lat' dir='ltr'>occasione</span> <span class='ocrx_word' id='word_1_315' title='bbox 2636 3340 2858 3403; x_wconf 77' lang='lat' dir='ltr'>Sebsth</span> 
     </span>
     <span class='ocr_line' id='line_1_36' title="bbox 634 3419 2860 3511; baseline 0.001 -26"><span class='ocrx_word' id='word_1_316' title='bbox 634 3419 976 3503; x_wconf 77' lang='lat' dir='ltr'>Hsythonis</span> <span class='ocrx_word' id='word_1_317' title='bbox 1018 3422 1204 3485; x_wconf 82' lang='lat' dir='ltr'>frater</span> <span class='ocrx_word' id='word_1_318' title='bbox 1240 3444 1495 3505; x_wconf 88' lang='lat' dir='ltr'>regnum</span> <span class='ocrx_word' id='word_1_319' title='bbox 1541 3423 1856 3489; x_wconf 79' lang='lat' dir='ltr'>Armeniae</span> <span class='ocrx_word' id='word_1_320' title='bbox 1893 3426 2235 3508; x_wconf 81' lang='lat' dir='ltr'>occupavit.</span> <span class='ocrx_word' id='word_1_321' title='bbox 2322 3424 2430 3506; x_wconf 82' lang='lat' dir='ltr'>qui</span> <span class='ocrx_word' id='word_1_322' title='bbox 2461 3426 2650 3487; x_wconf 86' lang='lat' dir='ltr'>etiam</span> <span class='ocrx_word' id='word_1_323' title='bbox 2690 3427 2860 3511; x_wconf 74' lang='lat' dir='ltr'>Ray·</span> 
     </span>
     <span class='ocr_line' id='line_1_37' title="bbox 637 3507 2861 3592; baseline 0.004 -23"><span class='ocrx_word' id='word_1_324' title='bbox 637 3507 887 3569; x_wconf 87' lang='lat' dir='ltr'>thonem</span> <span class='ocrx_word' id='word_1_325' title='bbox 920 3507 1139 3570; x_wconf 90' lang='lat' dir='ltr'>deinde</span> <span class='ocrx_word' id='word_1_326' title='bbox 1185 3522 1425 3592; x_wconf 79' lang='lat' dir='ltr'>captum</span> <span class='ocrx_word' id='word_1_327' title='bbox 1470 3513 1836 3576; x_wconf 82' lang='lat' dir='ltr'>excoecavit.</span> <span class='ocrx_word' id='word_1_328' title='bbox 1921 3511 2028 3575; x_wconf 88' lang='lat' dir='ltr'>sed</span> <span class='ocrx_word' id='word_1_329' title='bbox 2073 3512 2126 3573; x_wconf 89' lang='lat' dir='ltr'>is</span> <span class='ocrx_word' id='word_1_330' title='bbox 2153 3508 2364 3573; x_wconf 81' lang='lat' dir='ltr'>divino</span> <span class='ocrx_word' id='word_1_331' title='bbox 2386 3511 2693 3576; x_wconf 87' lang='lat' dir='ltr'>miraculo</span> <span class='ocrx_word' id='word_1_332' title='bbox 2723 3536 2861 3577; x_wconf 71' lang='lat' dir='ltr'>rur-</span> 
     </span>
     <span class='ocr_line' id='line_1_38' title="bbox 634 3595 2858 3680; baseline 0.004 -24"><span class='ocrx_word' id='word_1_333' title='bbox 634 3615 774 3656; x_wconf 88' lang='lat' dir='ltr'>sum</span> <span class='ocrx_word' id='word_1_334' title='bbox 800 3595 1053 3676; x_wconf 84' lang='lat' dir='ltr'>sdeptus</span> <span class='ocrx_word' id='word_1_335' title='bbox 1079 3616 1258 3657; x_wconf 85' lang='lat' dir='ltr'>usum</span> <span class='ocrx_word' id='word_1_336' title='bbox 1288 3596 1624 3673; x_wconf 76' lang='lat' dir='ltr'>oculorum,</span> <span class='ocrx_word' id='word_1_337' title='bbox 1660 3601 1829 3680; x_wconf 83' lang='lat' dir='ltr'>regni</span> <span class='ocrx_word' id='word_1_338' title='bbox 1849 3599 1999 3679; x_wconf 84' lang='lat' dir='ltr'>quin</span> <span class='ocrx_word' id='word_1_339' title='bbox 2017 3598 2197 3659; x_wconf 83' lang='lat' dir='ltr'>etism</span> <span class='ocrx_word' id='word_1_340' title='bbox 2222 3617 2472 3679; x_wconf 91' lang='lat' dir='ltr'>compos</span> <span class='ocrx_word' id='word_1_341' title='bbox 2497 3609 2593 3661; x_wconf 89' lang='lat' dir='ltr'>est</span> <span class='ocrx_word' id='word_1_342' title='bbox 2627 3601 2858 3680; x_wconf 76' lang='lat' dir='ltr'>sactus3</span> 
     </span>
     <span class='ocr_line' id='line_1_39' title="bbox 634 3680 2859 3767; baseline 0.003 -24"><span class='ocrx_word' id='word_1_343' title='bbox 634 3691 695 3743; x_wconf 86' lang='lat' dir='ltr'>et</span> <span class='ocrx_word' id='word_1_344' title='bbox 728 3680 1055 3742; x_wconf 77' lang='lat' dir='ltr'>Sebethum</span> <span class='ocrx_word' id='word_1_345' title='bbox 1088 3683 1670 3766; x_wconf 80' lang='lat' dir='ltr'>Constantinopolim</span> <span class='ocrx_word' id='word_1_346' title='bbox 1698 3685 1886 3766; x_wconf 84' lang='lat' dir='ltr'>misit,</span> <span class='ocrx_word' id='word_1_347' title='bbox 1928 3705 2144 3767; x_wconf 82' lang='lat' dir='ltr'>rogans</span> <span class='ocrx_word' id='word_1_348' title='bbox 2168 3683 2596 3764; x_wconf 82' lang='lat' dir='ltr'>imperatorem</span> <span class='ocrx_word' id='word_1_349' title='bbox 2623 3698 2700 3750; x_wconf 90' lang='lat' dir='ltr'>ut</span> <span class='ocrx_word' id='word_1_350' title='bbox 2725 3709 2859 3752; x_wconf 85' lang='lat' dir='ltr'>eum</span> 
     </span>
     <span class='ocr_line' id='line_1_40' title="bbox 631 3767 2858 3858; baseline 0.003 -27"><span class='ocrx_word' id='word_1_351' title='bbox 631 3768 761 3831; x_wconf 88' lang='lat' dir='ltr'>illic</span> <span class='ocrx_word' id='word_1_352' title='bbox 809 3767 1128 3832; x_wconf 83' lang='lat' dir='ltr'>detineret.</span> <span class='ocrx_word' id='word_1_353' title='bbox 1214 3767 1366 3831; x_wconf 76' lang='lat' dir='ltr'>haec</span> <span class='ocrx_word' id='word_1_354' title='bbox 1404 3771 1492 3831; x_wconf 88' lang='lat' dir='ltr'>ibi</span> <span class='ocrx_word' id='word_1_355' title='bbox 1537 3772 1815 3835; x_wconf 79' lang='lat' dir='ltr'>sanutus.</span> <span class='ocrx_word' id='word_1_356' title='bbox 1901 3782 1963 3835; x_wconf 89' lang='lat' dir='ltr'>et</span> <span class='ocrx_word' id='word_1_357' title='bbox 2017 3792 2095 3833; x_wconf 81' lang='lat' dir='ltr'>ex</span> <span class='ocrx_word' id='word_1_358' title='bbox 2131 3791 2203 3832; x_wconf 90' lang='lat' dir='ltr'>eo</span> <span class='ocrx_word' id='word_1_359' title='bbox 2253 3770 2443 3834; x_wconf 79' lang='lat' dir='ltr'>fusius</span> <span class='ocrx_word' id='word_1_360' title='bbox 2485 3774 2858 3858; x_wconf 72' lang='lat' dir='ltr'>spondanus</span> 
     </span>
     <span class='ocr_line' id='line_1_41' title="bbox 629 3853 1522 3925; baseline 0.008 -9"><span class='ocrx_word' id='word_1_361' title='bbox 629 3876 726 3916; x_wconf 81' lang='grc' dir='ltr'><strong>ιιι.</strong></span> <span class='ocrx_word' id='word_1_362' title='bbox 757 3853 1098 3922; x_wconf 78' lang='lat' dir='ltr'>chr.1294</span> <span class='ocrx_word' id='word_1_363' title='bbox 1123 3861 1300 3924; x_wconf 71' lang='lat'>11010</span> <span class='ocrx_word' id='word_1_364' title='bbox 1328 3867 1387 3918; x_wconf 72' lang='lat' dir='ltr'>et</span> <span class='ocrx_word' id='word_1_365' title='bbox 1421 3861 1522 3925; x_wconf 83' lang='lat'>11.</span> 
     </span>
    </p>

    <p class='ocr_par' dir='ltr' id='par_1_7' title="bbox 624 3935 2856 4467">
     <span class='ocr_line' id='line_1_42' title="bbox 795 3935 2856 4053; baseline -0 -42"><span class='ocrx_word' id='word_1_366' title='bbox 795 3962 859 4024; x_wconf 84' lang='lat' dir='ltr'>p·</span> <span class='ocrx_word' id='word_1_367' title='bbox 887 3942 1015 4011; x_wconf 82' lang='lat'>247</span> <span class='ocrx_word' id='word_1_368' title='bbox 1044 3962 1102 4003; x_wconf 83' lang='lat' dir='ltr'>v.</span> <span class='ocrx_word' id='word_1_369' title='bbox 1138 3946 1237 4008; x_wconf 92' lang='grc'><strong>10</strong></span> <span class='ocrx_word' id='word_1_370' title='bbox 1320 3939 1436 4025; x_wconf 77' lang='grc' dir='ltr'>τὴν</span> <span class='ocrx_word' id='word_1_371' title='bbox 1456 3948 1614 4027; x_wconf 72' lang='grc' dir='ltr'>γοῦν</span> <span class='ocrx_word' id='word_1_372' title='bbox 1647 3935 1925 4029; x_wconf 70' lang='grc' dir='ltr'>ανάγκην</span> <span class='ocrx_word' id='word_1_373' title='bbox 1948 3944 2231 4053; x_wconf 75' lang='grc' dir='ltr'><strong>γίνεσθαι</strong></span> <span class='ocrx_word' id='word_1_374' title='bbox 2257 3938 2434 4030; x_wconf 68' lang='grc' dir='ltr'><strong>χάριν</strong></span> <span class='ocrx_word' id='word_1_375' title='bbox 2459 3950 2612 4011; x_wconf 65' lang='lat' dir='ltr'>rme?</span> <span class='ocrx_word' id='word_1_376' title='bbox 2628 3950 2720 4033; x_wconf 65' lang='grc' dir='ltr'>’τῇ</span> <span class='ocrx_word' id='word_1_377' title='bbox 2750 3964 2856 4010; x_wconf 75' lang='grc' dir='ltr'>συ·</span> 
     </span>
     <span class='ocr_line' id='line_1_43' title="bbox 626 4024 2854 4115; baseline 0.001 -24"><span class='ocrx_word' id='word_1_378' title='bbox 626 4024 805 4092; x_wconf 63' lang='lat' dir='ltr'>vices.</span> <span class='ocrx_word' id='word_1_379' title='bbox 876 4027 965 4089; x_wconf 91' lang='lat' dir='ltr'>sic</span> <span class='ocrx_word' id='word_1_380' title='bbox 998 4028 1196 4090; x_wconf 77' lang='lat' dir='ltr'>codex</span> <span class='ocrx_word' id='word_1_381' title='bbox 1219 4029 1286 4092; x_wconf 88' lang='lat' dir='ltr'>B.</span> <span class='ocrx_word' id='word_1_382' title='bbox 1320 4029 1452 4094; x_wconf 87' lang='lat' dir='ltr'>Vat.</span> <span class='ocrx_word' id='word_1_383' title='bbox 1480 4041 1682 4093; x_wconf 88' lang='lat' dir='ltr'>autem</span> <span class='ocrx_word' id='word_1_384' title='bbox 1715 4031 1858 4095; x_wconf 77' lang='grc' dir='ltr'><strong>νικά</strong></span> <span class='ocrx_word' id='word_1_385' title='bbox 1890 4037 2044 4115; x_wconf 75' lang='grc' dir='ltr'>γοῦν</span> <span class='ocrx_word' id='word_1_386' title='bbox 2066 4058 2107 4115; x_wconf 75' lang='grc' dir='ltr'><strong><em>η</em></strong></span> <span class='ocrx_word' id='word_1_387' title='bbox 2142 4026 2386 4108; x_wconf 77' lang='grc' dir='ltr'><strong>συνεσις</strong></span> <span class='ocrx_word' id='word_1_388' title='bbox 2413 4028 2485 4098; x_wconf 80' lang='grc' dir='ltr'>το</span> <span class='ocrx_word' id='word_1_389' title='bbox 2512 4040 2725 4097; x_wconf 64' lang='grc' dir='ltr'><strong>ποιεῖν</strong></span> <span class='ocrx_word' id='word_1_390' title='bbox 2749 4024 2854 4113; x_wconf 63' lang='grc' dir='ltr'>μ’·</span> 
     </span>
     <span class='ocr_line' id='line_1_44' title="bbox 630 4106 2850 4298; baseline 0.001 -39"><span class='ocrx_word' id='word_1_391' title='bbox 630 4106 2522 4298; x_wconf 55' lang='grc' dir='ltr'>ἓΐωῖῗέιὲἒῖἿέἕμᾷῬΣῗᾝίῗη“ἱ.’ἒί“.“ἶ.ὶ““ὲ’ἒῗἕ,</span> <span class='ocrx_word' id='word_1_392' title='bbox 2551 4136 2850 4267; x_wconf 59' lang='lat'><strong>33¹2:</strong></span> 
     </span>
     <span class='ocr_line' id='line_1_45' title="bbox 629 4285 2848 4398; baseline 0.003 -54"><span class='ocrx_word' id='word_1_393' title='bbox 629 4285 1022 4348; x_wconf 74' lang='lat' dir='ltr'>circumflexo</span> <span class='ocrx_word' id='word_1_394' title='bbox 1048 4290 1113 4349; x_wconf 77' lang='grc' dir='ltr'>ιιι</span> <span class='ocrx_word' id='word_1_395' title='bbox 1139 4289 1351 4350; x_wconf 87' lang='lat' dir='ltr'>ultima</span> <span class='ocrx_word' id='word_1_396' title='bbox 1380 4291 1641 4369; x_wconf 76' lang='lat' dir='ltr'>legitur,</span> <span class='ocrx_word' id='word_1_397' title='bbox 1686 4290 1972 4353; x_wconf 89' lang='lat' dir='ltr'>mendum</span> <span class='ocrx_word' id='word_1_398' title='bbox 2000 4313 2146 4398; x_wconf 63' lang='lat' dir='ltr'>esse.</span> <span class='ocrx_word' id='word_1_399' title='bbox 2231 4312 2359 4355; x_wconf 91' lang='lat' dir='ltr'>non</span> <span class='ocrx_word' id='word_1_400' title='bbox 2389 4292 2551 4355; x_wconf 89' lang='lat' dir='ltr'>enim</span> <span class='ocrx_word' id='word_1_401' title='bbox 2586 4298 2677 4351; x_wconf 91' lang='lat' dir='ltr'>est</span> <span class='ocrx_word' id='word_1_402' title='bbox 2704 4286 2848 4348; x_wconf 81' lang='lat' dir='ltr'>haec</span> 
     </span>
     <span class='ocr_line' id='line_1_46' title="bbox 624 4369 2848 4467; baseline 0.001 -34"><span class='ocrx_word' id='word_1_403' title='bbox 624 4369 802 4433; x_wconf 87' lang='lat' dir='ltr'>tertia</span> <span class='ocrx_word' id='word_1_404' title='bbox 837 4391 1095 4455; x_wconf 76' lang='lat' dir='ltr'>persona</span> <span class='ocrx_word' id='word_1_405' title='bbox 1133 4373 1452 4440; x_wconf 80' lang='lat' dir='ltr'>indicativi</span> <span class='ocrx_word' id='word_1_406' title='bbox 1499 4377 1832 4460; x_wconf 84' lang='lat' dir='ltr'>praesentis</span> <span class='ocrx_word' id='word_1_407' title='bbox 1873 4399 1909 4441; x_wconf 90' lang='lat' dir='ltr'>a</span> <span class='ocrx_word' id='word_1_408' title='bbox 1945 4376 2179 4463; x_wconf 71' lang='grc' dir='ltr'><strong>νιιιῶυ,</strong></span> <span class='ocrx_word' id='word_1_409' title='bbox 2230 4382 2412 4467; x_wconf 66' lang='grc' dir='ltr'><strong>νικᾷ,</strong></span> <span class='ocrx_word' id='word_1_410' title='bbox 2451 4375 2561 4442; x_wconf 79' lang='lat' dir='ltr'>sed</span> <span class='ocrx_word' id='word_1_411' title='bbox 2587 4372 2848 4440; x_wconf 78' lang='lat' dir='ltr'>secunda</span> 
     </span>
    </p>
   </div>
   <div class='ocr_carea' id='block_1_4' title="bbox 3048 795 3059 2273">
    <p class='ocr_par' dir='ltr' id='par_1_8' title="bbox 3048 795 3059 2273">
     <span class='ocr_line' id='line_1_47' title="bbox 3048 795 3059 2273; baseline 0 0"><span class='ocrx_word' id='word_1_412' title='bbox 3048 795 3059 2273; x_wconf 95' lang='lat' dir='ltr'> </span> 
     </span>
    </p>
   </div>
  </div>
 </body>
</html>
