3084 4850
792 267 950 340 un.
1003 264 1117 340 m.
1225 264 1978 341 cmonotoelcuS.
2359 268 2492 344 801

251 436 509 514 rendae,
548 443 739 519 prout
764 454 844 496 ex
868 434 993 496 fide
1017 437 1248 498 sactum
1279 443 1389 499 est.
1474 434 1680 516 sicque
1702 446 1959 499 onustus
1997 434 2299 500 thanati-
2341 440 2512 499 Ron-

254 525 487 587 taerius
529 525 610 583 sd
654 542 795 584 suos
838 522 1024 584 rediit
1059 522 1219 584 circs
1261 522 1505 585 initium
1548 522 1709 585 veris
1751 544 1849 585 ιιι.
1886 524 2086 602 1805,
2127 535 2202 586 ιιι
2251 535 2521 606 apparet,

256 631 408 674 mox
427 610 730 687 videlicet,
774 610 864 671 uti
889 610 1173 692 sperabat
1203 610 1555 691 imperator,
1595 629 1699 671 eos
1723 621 1940 673 contra
1962 609 2170 672 Persas
2201 610 2522 682 ducturus.

255 718 479 761 verum
512 697 765 758 interim
807 717 934 767 non
967 697 1146 779 pauci
1186 715 1221 757 e
1262 697 1596 776 Catelanis,
1638 706 1960 760 convasat·
1985 698 2052 758 in
2080 717 2264 759 naves
2293 700 2523 780 praeda

252 805 444 866 quam
494 783 697 865 Cyzici
732 792 795 845 et
835 783 985 846 locis
1027 783 1472 846 circumvicinis
1514 786 1820 847 Romanos
1865 784 2205 866 diripiendo
2243 805 2523 849 corrase-

251 881 435 950 rant,
480 872 696 932 domos
731 871 1007 953 proprias
1042 871 1275 933 iniussu
1303 871 1697 955 repetierunt.
1783 871 1926 934 inde
1951 881 2157 933 secuta
2185 873 2521 955 stipendio-

249 980 399 1020 rum
440 979 549 1039 per
581 959 974 1020 Rontzerium
1001 958 1209 1038 iniqua
1241 958 1457 1020 divisio
1487 966 1617 1036 est,
1659 958 1827 1020 Italis
1863 958 2031 1041 large
2055 959 2327 1037 donatis,
2372 962 2520 1022 Ak-

250 1048 352 1108 nis
385 1047 650 1126 maligne
692 1046 946 1127 aspersis
977 1044 1368 1127 imperatoria
1403 1045 1681 1127 pecunia.
1768 1043 1916 1106 hinc
1947 1047 2113 1108 inter
2144 1045 2257 1106 hos
2295 1056 2358 1107 et
2383 1047 2521 1108 illos

247 1141 429 1195 ortae
477 1133 814 1195 simultates
856 1132 964 1193 diu
1020 1131 1459 1215 suspicionibus
1515 1132 1790 1213 odiisque
1839 1132 2108 1214 rixisque
2143 1133 2307 1194 inter
2355 1135 2520 1214 ipsos

245 1220 484 1282 mutuis
522 1220 819 1281 exercitae
864 1229 1027 1282 sunt.
1112 1239 1223 1301 per
1257 1218 1407 1280 haec
1451 1225 1783 1280 detrectat·
1820 1220 2006 1281 variis
2047 1219 2414 1282 elationibus
2449 1221 2518 1282 in

248 1308 439 1369 huius
471 1326 712 1387 quoque
749 1307 892 1367 anni
920 1315 1210 1367 aestatem
1237 1306 1547 1390 expeditio
1573 1308 1636 1367 in
1661 1308 1867 1368 Persas
1890 1315 2014 1385 est,
2059 1306 2357 1368 Catelania
2378 1316 2512 1369 sta-

248 1397 385 1456 tivs
414 1393 729 1456 commoda
751 1394 1091 1473 relinquere
1115 1393 1463 1455 nolentibus
1478 1439 1498 1470 ‚
1540 1394 1936 1475 quantumvis
1959 1404 2215 1475 urgente
2240 1394 2513 1476 impera-

244 1490 390 1543 tore
398 1504 418 1559 3
452 1501 630 1561 quem
658 1482 921 1542 maxime
948 1481 1262 1562 premebat
1290 1481 1553 1543 obsideri
1579 1490 1827 1564 coepta,
1871 1479 2145 1563 Alisyrae
2172 1481 2383 1542 Persae
2408 1502 2511 1543 sa..

245 1578 468 1649 trapae
497 1567 714 1628 validis
744 1567 953 1648 copiis,
995 1566 1439 1649 Philadelphi„
1477 1566 1648 1649 quod
1675 1568 1790 1630 sub
1817 1577 2183 1629 autumnum
2210 1587 2307 1629 an.
2343 1570 2512 1636 1305

222 1655 522 1717 -evenisse
548 1653 927 1715 crediderim.

428 1741 557 1803 vn.
645 1739 785 1802 lniit
830 1760 1026 1802 annus
1050 1738 1277 1801 Christi
1320 1744 1525 1821 1806,
1577 1739 1824 1821 quando
1869 1740 2138 1803 solicitus
2174 1740 2507 1822 imperator

238 1849 369 1912 pro
395 1826 808 1909 philadelphia
836 1828 956 1888 iarn
976 1827 1113 1895 ,acri
1140 1828 1299 1889 fame
1321 1827 1655 1907 laborante,
1699 1830 1928 1890 frustra
1956 1847 2067 1909 per
2099 1827 2309 1888 missos
2334 1839 2398 1888 et
2429 1828 2506 1887 li-

241 1927 416 1978 teras
443 1924 729 1997 expertus
757 1914 999 1976 duobus
1022 1914 1230 1997 primis
1255 1915 1563 1977 mensibus
1588 1915 1821 1978 emoliri
1845 1915 2063 1997 Cyzico
2088 1915 2505 1990 Rontzerium,

241 2022 457 2064 mense
494 2003 675 2064 tertio
706 2022 949 2064 socrum
981 2002 1108 2063 eius
1136 2002 1384 2080 irenen,
1429 2002 1643 2067 Asanis
1673 2003 1959 2080 viduatu,
2000 2019 2268 2063 sororem
2310 2022 2506 2076 suam,

237 2091 328 2151 ad
367 2110 507 2151 eum
535 2088 814 2171 allegavit
838 2110 996 2151 nave
1025 2090 1241 2167 celeri,
1284 2096 1453 2192 quod
1483 2092 1718 2151 facturn
1747 2090 1830 2150 ait
1856 2086 2253 2171 Pachymeres
2278 2108 2338 2168 p.
2371 2091 2501 2156 421

243 2198 309 2241 v.
327 2183 412 2244 21
439 2187 651 2257 coepta
668 2180 801 2236 iam
829 2174 1219 2236 hebdomada
1244 2178 1481 2235 maiore
1502 2176 1833 2285 eubfinem
1847 2176 2073 2237 umis·
2094 2179 2207 2258 τῆς
2234 2168 2504 2257 μεγάλης

240 2258 601 2347 ἑβδομάδος
627 2257 1117 2343 καταλαβούσης,
1166 2263 1444 2346 Κρονίου
1471 2287 1670 2345 μηνος
1697 2257 2015 2347 λήγοντος.
2099 2260 2249 2322 haec
2275 2260 2500 2321 chara-

239 2361 474 2411 cterem
514 2359 749 2411 certum
779 2348 1010 2410 habent
1049 2348 1232 2410 huius
1258 2348 1403 2410 anni
1432 2348 1656 2411 Christi
1690 2355 1888 2424 1806.
1932 2369 2055 2431 quo
2076 2347 2358 2410 Pascha
2340 2348 2498 2408 inci-

239 2436 389 2499 dit·
371 2459 435 2498 ιιι
460 2436 620 2498 diem
647 2440 690 2505 8
721 2437 971 2520 Aprilis3
1014 2456 1128 2498 nec
1157 2438 1486 2500 convenire
1509 2438 1808 2522 superiori
1835 2446 2112 2520 possunt,
2139 2438 2243 2517 qui
2269 2435 2499 2498 Pascha

233 2524 463 2587 habuit
491 2524 588 2585 die
618 2523 838 2606 Aprilis
862 2524 1095 2586 decima
1121 2534 1369 2606 quarta,
1413 2526 1581 2587 unde
1624 2526 1762 2587 finis
1807 2524 2010 2588 Martii
2047 2523 2497 2586 hebdomadam

236 2612 539 2674 maiorem
572 2611 847 2691 nequivit
884 2613 1196 2695 attingere.
1280 2611 1434 2675 nihil
1464 2612 1668 2674 omisit
1696 2613 1843 2674 artis
1875 2622 1940 2674 et
1966 2611 2302 2674 industriae
2325 2611 2498 2673 irene

239 2700 328 2760 nd
352 2699 840 2781 persuadendum
866 2700 1194 2762 Rontzerio
1215 2708 1288 2762 ιιι
1311 2708 1535 2762 contre
1560 2700 1767 2761 Persas
1792 2699 2087 2761 tenderet.
2173 2698 2278 2760 sed
2311 2698 2491 2758 Cate-

236 2788 370 2849 lsni
415 2797 771 2869 praetextus
814 2787 1187 2866 quaerebant
1224 2785 1516 2849 haerendi
1555 2786 1691 2848 loco
1719 2785 1834 2848 sibi
1869 2793 2083 2867 grat-⁰3
2122 2784 2492 2864 interimque

233 2873 664 2972 superbissime
682 2874 1044 2936 insultantes
1068 2874 1306 2953 Alanis,
1347 2874 1410 2933 in
1443 2873 1608 2954 ipsos
1638 2892 1748 2956 per
1767 2873 1959 2954 iurgia
1987 2872 2279 2949 minatos,
2317 2891 2491 2952 gras-

234 2960 474 3021 satione
506 2969 827 3026 necturus
842 2963 1124 3040 irruunt;
1166 2960 1331 3021 unde
1357 2959 1554 3022 atroci
1583 2960 1893 3022 commissa
1919 2979 2120 3042 pugna
2153 2959 2489 3022 vincuntur

234 3045 460 3123 Alani,
495 3045 621 3109 filio
647 3047 863 3108 ducis
844 3070 1117 3151 ipsorum
1141 3047 1362 3129 Georgi
1388 3048 1604 3110 occiso.
1688 3047 1796 3108 sed
1828 3046 2139 3149 postridie,
2182 3063 2338 3128 quae
2366 3046 2490 3108 fnit

236 3132 375 3194 dies
404 3089 622 3218 A’prilis
655 3154 851 3213 nona,
895 3136 1156 3209 vicissim
1188 3134 1567 3215 insurgentes
1609 3132 1787 3195 Alani
1829 3134 2072 3197 circiter
2111 3143 2416 3196 treceutos
2451 3152 2489 3195 e

234 3221 543 3282 Catelsnis
581 3230 986 3303 peremerunt.
1070 3221 1322 3304 placatis
1360 3230 1693 3303 utcumque
1722 3220 1951 3300 Alanis,
1994 3239 2198 3281 mense
2236 3220 2482 3282 tandem
2516 3232 2565 3291 P
2592 3235 2694 3293 581

228 3307 403 3371 Maio
428 3307 758 3389 procedere
783 3308 984 3391 coepit
1014 3308 1459 3371 Rontzerianus
1475 3309 1779 3371 exercitus
1814 3327 1849 3369 e
1876 3307 2166 3370 Romania
2193 3307 2498 3371 Catelauis

231 3395 449 3458 Manis
479 3405 781 3460 constans.
865 3396 1018 3458 haec
1048 3415 1125 3457 ex
1149 3394 1515 3478 Pachyrnere
1546 3403 1827 3458 constant
1863 3395 1903 3455 l.
1931 3396 1972 3460 4
2001 3415 2053 3455 c.
2084 3399 2191 3461 21.
2248 3414 2301 3455 ο.
2332 3413 2483 3456 vero

229 3485 324 3549 28
360 3481 522 3543 idem
561 3493 859 3545 memorat
892 3484 1154 3545 solutam
1194 3484 1503 3545 Rontzerii
1546 3484 1816 3546 adventu
1837 3477 2286 3561 Philadelphi-e
2317 3481 2484 3542 obsi·

233 3568 520 3646 dionem,
563 3572 877 3632 commisso
921 3572 1001 3632 ad
1042 3571 1323 3633 Aulocem
1361 3570 1633 3653 praelio,
1678 3588 1757 3631 ex
1796 3588 1919 3649 quo
1951 3568 2307 3631 vulneratus
2345 3568 2479 3630 dux

232 3614 558 3718 Perssruin
607 3666 670 3718 et
720 3659 1156 3720 Germanorum
1197 3658 1459 3740 Alisyrss
1502 3666 1740 3720 matura
1796 3655 1910 3717 sibi
1965 3657 2104 3737 suga
2155 3655 2479 3733 consuluit,

229 3742 475 3806 Amurii
508 3762 755 3805 suarum
795 3747 1065 3827 partium
1096 3745 1267 3807 ducis
1292 3745 1503 3806 castris
1535 3763 1598 3805 se
1635 3743 1963 3805 admovens
2064 3761 2142 3802 ex
2177 3739 2297 3801 hoc
2333 3761 2480 3803 suc-

230 3850 409 3893 cessu
441 3829 564 3890 late
599 3831 860 3912 inclytus
891 3833 1254 3894 Rontzerius
1288 3831 1634 3893 avarissime
1670 3829 1953 3913 pecuniae
1978 3849 2015 3889 a
2043 3828 2332 3889 Romanis
2364 3848 2482 3888 ex-

228 3926 505 3997 torquet,
549 3915 590 3978 l.
620 3918 660 3982 5
690 3938 740 3980 c.
771 3923 877 3997 26,
918 3928 1156 4002 partem
1180 3918 1441 4002 praedae
1471 3917 1778 4000 deponens
1818 3916 1980 3997 apud
2012 3915 2200 3977 fidam
2229 3914 2362 3991 eibi,
2406 3923 2479 3975 ut

226 4004 530 4088 putabat,
586 4002 982 4085 Magnesiam,
1044 4006 1216 4068 cuius
1252 4014 1675 4087 occupatorem
1722 4004 2083 4065 Attaleotam
2123 4002 2477 4081 imperatori

226 4089 753 4156 reconciliaverat.
854 4093 963 4155 secl
1006 4091 1180 4154 hoc
1161 4113 1294 4175 ipso
1341 4101 1592 4155 auctore
1630 4090 2062 4172 Magnesienses
2100 4090 2163 4148 in
2202 4089 2476 4147 Rontse-

225 4180 393 4241 rium
426 4173 757 4255 rebellant,
806 4187 872 4240 et
917 4180 994 4240 ab
1021 4199 1094 4241 eo
1123 4180 1265 4241 totis
1296 4179 1529 4242 viribus
1575 4177 1982 4258 nequidquam
2023 4184 2477 4257 oppugnantur.

228 4263 409 4326 Alani
431 4283 509 4325 ex
537 4263 664 4324 eius
690 4266 915 4327 cestria
939 4268 1215 4347 fugiunt,
1254 4267 1297 4328 l.
1327 4265 1368 4332 6
1403 4287 1456 4328 c.
1488 4268 1591 4331 81.
1679 4265 2064 4326 Andronicus
2091 4260 2297 4322 multis
2323 4261 2479 4322 inis-

227 4353 313 4413 ais
362 4362 425 4412 et
464 4350 660 4412 literis
702 4351 931 4412 frustra
974 4355 1082 4414 diu
1117 4364 1374 4416 conatus
1401 4352 1800 4415 Rontzerium
1841 4371 1878 4411 a
1914 4348 2248 4430 Magnesiae
2274 4367 2477 4429 oppu-

314 4445 587 4517 Georgv‘us
630 4445 972 4514 pachymeres
1019 4448 1089 4500 11.
1967 4436 2045 4500 51
