3084 4850
866 297 1028 370 ΠΒ.
1065 297 1183 368 m.
1283 299 2036 371 GHRONOLOGICUS.
2410 300 2561 377 845

336 460 487 559 322¹
546 458 800 559 ,ξπ-ζ.
834 460 1085 559 '‘3235’'
1240 468 1564 554 Despersts
1600 470 1812 534 Cretse
1848 470 2086 533 insulse
2115 471 2410 535 adversus
2439 476 2565 535 La-

552 565 789 662 nfflif-mit
838 616 1089 662 ”dm-m
1156 555 1319 618 tinos
1345 579 1474 619 eam
1503 558 1729 619 acriter
1750 569 2175 640 oppugnantes
2202 560 2570 637 defensione,

312 729 507 795 ¹296
619 667 733 792 ”2¹¹
923 726 1005 793 ¹4
1159 645 1370 791 coptiia:
1405 644 1550 705 inde
1587 655 1870 791 evocattse
1897 645 2090 800 Pelrsgs
2117 647 2319 802 Aegeu:
2350 649 2571 711 incur-

1159 751 1266 790 ssn
1361 752 1430 792 us
1457 754 1494 793 o
1623 752 1749 792 nun
1779 752 1876 797 ur.
1986 775 2000 789 .
2103 754 2156 793 c.

848 806 1076 854 ⁸¹⁸⁸&st
1245 752 2073 901 Alexiuspffilsnthropenu·
2104 820 2234 880 dux
2254 820 2428 883 Asiae
2455 820 2575 882 mi-

960 871 1002 933 3
1158 904 1327 964 nori,
1376 904 1451 964 ab
1498 905 1971 986 imperatoribus
2019 906 2396 984 declar-tm,
2438 908 2574 967 infe

1156 990 1512 1068 aliquandiu
1560 1001 1776 1052 contra
1811 992 2019 1054 Persas
2065 993 2316 1054 limitem
2345 995 2575 1054 Roma-

1157 1096 1305 1135 num
1350 1077 1761 1157 irrumpentes
1803 1098 1933 1139 rem
1981 1079 2135 1141 bene
2172 1100 2246 1141 sc
2280 1099 2571 1163 prospere

1153 1163 1324 1243 gerit.
1412 1163 1451 1227 l.
1474 1166 1518 1230 3
1551 1183 1606 1224 c.
1635 1169 1696 1231 9.

1245 1248 1817 1331 Osphentistblabus
1840 1249 2106 1311 Tei-teris
2130 1270 2318 1330 regno
2348 1251 2577 1331 Bulgs-

1155 1335 1283 1396 riae
1345 1336 1508 1418 pulsi
1565 1336 1766 1412 filius,
1828 1336 2123 1417 paulatim
2174 1338 2575 1412 invalescens,

1155 1423 1410 1482 Tzscsm
1453 1423 1599 1483 dolo
1646 1432 1894 1505 captum
1941 1422 2265 1503 interficit,
2325 1424 2574 1485 loschi-

1158 1529 1321 1569 mum
1360 1509 1755 1590 Bulgsrorum
1802 1507 2215 1588 patriarcham
2264 1511 2574 1593 praecipi-

1156 1594 1246 1654 tio
1276 1604 1470 1658 necat.
1558 1596 1594 1654 l.
1624 1599 1664 1660 3
1695 1617 1748 1656 c.
1774 1601 1879 1663 26.

1244 1680 1692 1743 deostblabus
1755 1680 2199 1741 sebastocrstor
2255 1681 2574 1761 Bulgsrise

1159 1767 1384 1828 eiectus
1423 1768 1571 1828 inde
1598 1768 1673 1827 sb
1705 1763 2246 1851 Osphentisthlsbo
2273 1768 2354 1829 sd
2377 1768 2575 1851 impe-

1157 1864 1422 1915 ratorem
1464 1855 1757 1934 confugit.
1841 1854 1989 1915 ibid.

1246 1942 1386 2002 Ales
1416 1941 1702 2002 Amurius
1733 1961 1809 2002 ex
1841 1949 2125 2021 paternae
2163 1938 2361 2001 csedis
2389 1938 2574 2001 ultio-

1162 2047 1238 2087 ne
1265 2028 1464 2089 clarus
1489 2029 1710 2102 factus,
1756 2027 2029 2087 collectis
2058 2026 2272 2107 copiis,
2309 2027 2576 2108 primum

1161 2113 1325 2174 bello
1373 2114 1572 2194 palam
1614 2134 1741 2174 non
1774 2113 2010 2173 indicto
2050 2112 2384 2172 latrociniis
2418 2114 2581 2173 inse-

1161 2208 1281 2259 stat
1325 2201 1663 2260 Romanum
1710 2198 1995 2276 limitem3
2042 2198 2263 2259 deinde
2305 2219 2442 2259 cum
2477 2218 2583 2258 re·

1162 2285 1410 2367 pentino
1443 2306 1612 2363 casu,
1641 2285 1861 2347 Martio
1894 2305 2116 2359 mense,
2151 2284 2430 2365 Sangario
2455 2284 2581 2345 ssu-

1164 2372 1300 2434 vius
1347 2373 1589 2434 alveum
1635 2383 1877 2435 mutans
1914 2372 2145 2434 arcium
2191 2372 2324 2432 illic
2352 2372 2584 2433 Roma-

1164 2481 1380 2521 narum
1440 2461 1894 2540 praesidiarios,
1955 2459 2332 2520 munimento
2388 2457 2581 2520 amnis

1165 2546 1529 2607 invadabilis
1563 2547 1788 2607 obiecti
1822 2546 2105 2606 hostibus
2138 2547 2429 2623 nudatos,
2473 2546 2583 2606 fu-

1164 2654 1304 2714 gere
1330 2634 1471 2694 inde
1501 2634 1907 2714 compulisset,
1936 2643 2341 2710 transgressus
2361 2632 2428 2690 in
2454 2652 2582 2692 ma-
2614 2635 2660 2693 Ρ
2693 2637 2752 2693 61

1167 2720 1504 2782 diterranea
1549 2720 1770 2780 minori
1802 2720 1920 2779 iam
1954 2717 2320 2778 verecundia
2352 2720 2581 2778 Roma-

1168 2827 1278 2866 nos
1320 2805 1623 2867 hostiliter
1662 2806 1936 2881 infestat,
1983 2803 2313 2865 instinctus
2355 2804 2432 2865 ad
2461 2802 2580 2864 hoc

1167 2892 1572 2952 aemulatione
1626 2892 1934 2968 Almonis,
2005 2891 2252 2951 alterius
2304 2902 2581 2972 satrapae

1164 2980 1297 3039 loca
1329 2979 1582 3039 Nicaeae
1619 2978 1823 3039 vicina
1859 2996 2154 3060 prospere
2185 2978 2576 3042 incursantis.

1165 3064 1210 3127 l.
1228 3064 1270 3132 4
1301 3085 1355 3128 c.
1381 3062 1485 3132 25.

1246 3150 1490 3211 Muzslo
1507 3150 1639 3211 dux
1662 3151 2067 3212 Romanorum
2100 3151 2341 3231 capitur
2357 3149 2439 3211 ab
2465 3148 2579 3212 At·

1162 3256 1370 3313 mane,
1414 3238 1517 3299 sed
1549 3255 1690 3300 mox
1718 3238 2032 3298 liberatur.
2115 3236 2268 3304 ibid.

1249 3324 1540 3385 Kalendis
1586 3325 1742 3385 lunii
1784 3333 1977 3384 terrae
2009 3333 2210 3385 motus
2257 3323 2469 3402 ingens
2517 3331 2580 3382 et

1165 3410 1629 3472 exitiosissimus
1675 3409 2268 3491 Constantinopolim
2326 3420 2388 3469 et
2452 3410 2582 3470 eius

1165 3508 1398 3558 tractus
1433 3498 1784 3579 provincias
1816 3498 2152 3559 concussit.
2209 3495 2451 3556 duravit
2479 3516 2585 3555 vs·

1167 3588 1260 3646 rio
1302 3594 1511 3645 tenore
1563 3604 1750 3665 usque
1792 3582 1869 3659 ad
1911 3583 2283 3644 desinentem
2333 3581 2586 3648 Iulium.

1169 3672 1388 3732 damna
1418 3671 1542 3731 eius
1567 3679 2000 3732 memorantur.
2088 3671 2131 3730 1.
2163 3672 2205 3733 3
2240 3690 2292 3730 c.
2327 3669 2426 3734 15.

1258 3758 1342 3819 E·
1359 3758 1680 3817 occasione
1705 3756 2088 3817 Andronicus
2113 3756 2447 3836 imperator
2467 3753 2583 3814 deo

1175 3844 1566 3926 propitiando
1608 3844 1868 3925 supplex
1915 3863 2054 3903 cum
2095 3840 2326 3923 populo
2361 3862 2583 3923 proce-

1173 3931 1296 4007 dit,
1342 3940 1403 3991 et
1426 3930 1732 4013 prolixam
1761 3920 1942 3990 babet
1975 3929 2349 3990 concionem.
2411 3948 2588 3987 mox-

1173 4037 1290 4098 que
1327 4017 1705 4098 corruptelas
1744 4015 2110 4077 iudiciorum
2149 4014 2586 4074 constitutione

1173 4103 1339 4164 bulla
1371 4123 1547 4165 aures
1576 4103 1809 4163 munita
1855 4105 1930 4163 de
1958 4102 2036 4161 iis
2078 4100 2238 4161 edita
2264 4102 2583 4162 emendare

1172 4190 1404 4251 nititur.
1492 4190 1639 4251 ibid.
1671 4210 1723 4254 c.
1769 4194 1848 4256 16
1874 4197 1933 4249 et
1967 4188 2064 4253 17.

1258 4276 1472 4337 Veneti
1509 4296 1650 4336 cum
1693 4279 1778 4340 76
1829 4274 2023 4355 longis
2062 4272 2324 4335 navibus
2375 4270 2583 4332 infesti

1174 4362 1764 4445 Constantinopolim
1780 4361 2072 4424 adversus
2088 4364 2433 4423 Genuenses
2448 4358 2579 4419 illic
