3084 4850
675 383 832 461 788
1298 384 1783 456 OBSERVAT.
1828 386 2317 460 Pacmmmn.

672 554 874 620 tesimi
905 553 1104 633 tertii,
1143 557 1207 614 et
1244 553 1298 614 si
1336 551 1605 615 decimus
1634 571 1671 613 a
1706 553 1819 614 tali
1851 553 2085 636 apocha
2112 556 2324 618 fuisset
2354 556 2708 639 explendus
2737 578 2960 637 annm,

680 661 1067 727 perseverare
1089 640 1252 702 idem
1279 641 1517 707 clausus
1543 641 1610 700 iu
1631 640 1753 702 isto
1778 640 1913 703 loco
1947 642 2252 703 debuisset
2289 664 2489 724 usque
2524 646 2612 705 ad
2646 650 2733 711 16
2761 648 2956 707 Octo-

680 732 809 793 bris
837 729 1206 810 insequentis
1240 727 1398 790 diem
1421 767 1441 807 ,
1483 749 1520 787 a
1558 744 1683 806 quo
1716 726 1845 788 dies
1882 732 1962 794 19
1995 728 2260 791 Ianuarii
2302 748 2534 793 novem
2563 733 2718 793 rm.
2751 734 2958 793 solidis

680 818 851 879 abest
875 815 1215 894 mensibus,
1258 825 1514 897 apparet
1543 834 1724 893 quam
1746 813 1827 874 ad
1852 833 2066 875 verum
2094 826 2307 878 exacte
2336 816 2596 879 definita
2633 818 2954 880 &M

678 906 745 965 in
772 903 1053 965 Cosmidii
1082 903 1447 963 monasterio
1477 909 1710 961 secreta
1738 898 2035 962 habitatio
2067 902 2252 965 fuerit
2281 904 2486 986 spatio
2517 907 2814 987 praeciso
2849 907 2958 967 de·

679 1011 811 1052 cem
836 1008 1136 1051 annorum
1155 1031 1174 1059 ‚
1218 989 1420 1049 minus
1452 1000 1674 1049 novem
1703 989 2025 1050 mensibus.

853 1078 957 1139 111.
1043 1075 1209 1135 Haec
1230 1083 1566 1153 utcumque
1604 1095 1730 1135 non
1769 1076 2066 1136 inutiliter
2086 1075 2153 1136 in
2183 1092 2314 1138 rem
2341 1086 2627 1138 nostram
2655 1088 2956 1140 annotata

679 1173 847 1239 sunt,
856 1184 982 1225 non
998 1163 1326 1224 absolvunt
1342 1170 1541 1222 tamen
1556 1162 1928 1243 propositam
1939 1162 2015 1222 de
2029 1164 2326 1245 principio
2343 1174 2404 1224 et
2417 1166 2541 1224 fine
2556 1166 2956 1246 patriarcha-

682 1261 787 1314 tus
810 1250 1055 1312 Ioannis
1082 1249 1328 1309 Cosmae
1356 1249 1794 1328 quaestionem,
1844 1249 2142 1328 siquidem
2167 1250 2220 1310 is
2246 1271 2360 1311 nec
2387 1251 2721 1313 inchoavit
2749 1253 2956 1313 statim

681 1360 718 1397 a
763 1356 1004 1398 recessu
1047 1334 1361 1396 Athanasii
1402 1335 1471 1394 in
1519 1334 1954 1396 monasterium
1992 1337 2317 1413 Cosmidii‚
2359 1358 2475 1398 nec
2517 1358 2594 1398 eo
2639 1348 2956 1400 momento

682 1425 863 1486 desiit
896 1440 1018 1504 quo
1057 1421 1442 1483 Andronicus
1468 1420 1866 1483 Athanasium
1911 1422 2172 1483 eundem
2203 1424 2285 1485 ibi
2329 1428 2649 1487 convenit.
2745 1428 2858 1486 aed
2885 1425 2957 1484 de

679 1510 858 1573 initio
900 1509 1145 1590 quidem
1178 1510 1341 1571 clara
1388 1508 1579 1569 tradit
1613 1508 2012 1589 Pachymeres
2041 1530 2100 1588 p.
2133 1512 2260 1576 186
2297 1529 2358 1572 v.
2392 1515 2472 1587 9,
2519 1512 2820 1573 kalendis
2861 1513 2956 1572 la-

681 1597 881 1660 nuarii
911 1597 1196 1658 Ioannem
1226 1597 1501 1656 Cosmam
1532 1597 1653 1655 rite
1683 1597 1867 1657 fuisse
1893 1597 2318 1675 inauguratum
2353 1597 2806 1677 patriarcham.
2850 1618 2956 1659 nec

685 1684 939 1745 dubium
970 1704 1047 1744 ex
1078 1692 1214 1743 toto
1246 1691 1541 1743 contextu
1570 1701 1778 1743 rerum
1820 1692 1965 1742 ante
2003 1702 2091 1741 ac·
2113 1694 2254 1763 post
2282 1682 2370 1742 ibi
2405 1694 2814 1746 narratarum
2851 1696 2958 1759 est,

681 1771 833 1851 quin
862 1771 1012 1830 istae
1044 1768 1338 1829 kalendae
1372 1770 1679 1830 Ianuariae
1706 1771 1935 1831 suerint
1965 1771 2240 1849 proxime
2276 1781 2516 1832 secutae
2542 1781 2696 1852 P⁰⁸²
2727 1772 2954 1831 dim.
3073 1792 3074 1797 κ

682 1878 818 1918 sum
851 1875 885 1916 e
921 1853 1293 1936 patriarchio
1319 1855 1631 1916 Athanasii
1668 1866 1730 1916 et
1757 1855 1941 1916 huius
1972 1856 2364 1915 inclusionem
2396 1859 2460 1918 in
2502 1861 2956 1920 monasterium

684 1941 996 2018 Cosmidii,
1039 1962 1218 2020 quam
1255 1946 1336 2007 16
1367 1941 1466 2001 die
1498 1942 1779 2002 Octobris
1807 1943 1950 2001 anni
1975 1938 2204 2001 Christi
2236 1947 2400 2008 1293
2428 1946 2766 2023 contigisse
2796 1946 2958 2004 vidi·

685 2051 841 2093 mus.
928 2022 1166 2087 maneat
1196 2027 1380 2106 igitur
1406 2048 1519 2108 pro
1551 2039 1719 2088 certo
1747 2029 2028 2088 loannem
2054 2030 2329 2088 Cosmam
2357 2048 2392 2088 a
2419 2029 2704 2090 kalendis
2733 2032 2954 2091 lanua-

685 2116 794 2178 riis
829 2116 971 2175 anni
1002 2114 1228 2175 Chi-isti
1264 2114 1428 2180 1294
1458 2123 1731 2194 praeesse
1759 2113 2150 2196 patriarchali
2182 2125 2480 2196 potestate
2503 2117 2956 2177 Constantino-

685 2203 992 2284 politanae
1028 2201 1307 2263 ecclesiae
1350 2203 1634 2283 coepisse.
1721 2203 1860 2280 quia
1898 2221 2045 2262 vero
2089 2202 2366 2281 quando,
2408 2222 2634 2263 novem
2668 2207 2862 2264 antris
2897 2213 2956 2262 et

685 2287 1023 2350 octodecim
1053 2288 1264 2349 diebus
1297 2286 1442 2352 inde
1471 2289 1885 2365 vertentibus,
1930 2287 2312 2349 Andronicus
2342 2291 2676 2371 i‘mpcrator
2705 2292 2956 2371 episco-

684 2396 796 2456 pos
829 2376 1056 2437 clerum
1084 2383 1148 2435 et
1181 2374 1476 2456 populum
1506 2395 1709 2437 secum
1740 2375 1967 2437 ducens
1996 2373 2393 2437 Athanasium
2430 2376 2615 2456 adiit,
2659 2377 2954 2439 nondam

686 2463 996 2523 manifeste
1049 2465 1292 2522 Gosmas
1345 2460 1648 2524 abiecerat
1701 2463 2132 2544 possessionem
2188 2463 2610 2544 patriarchalia
2663 2463 2952 2540 hunonis,

687 2568 869 2627 quem
914 2565 1026 2608 nec
1065 2550 1191 2629 ipse
1234 2546 1597 2609 Athanasius
1638 2559 1971 2629 utcumque
2007 2562 2161 2610 tuuc
2205 2549 2474 2613 delatum
2511 2551 2772 2611 admisit
2805 2599 2825 2628 ,
2891 2559 2954 2611 et

688 2636 934 2694 Cosmas
976 2644 1214 2715 postea,
1249 2636 1381 2715 ipso
1416 2636 1644 2694 fatente
1685 2637 2047 2717 imperatore
2097 2634 2299 2697 adhuc
2342 2636 2685 2718 patriarcha
2729 2658 2952 2712 verus,

686 2720 871 2781 etiam
890 2729 963 2782 ut
985 2721 1121 2781 talis
1144 2719 1515 2781 anathemati
1537 2721 1790 2782 subiecit
1815 2742 2252 2802 quemcumque
2279 2727 2382 2803 qui
2406 2725 2730 2784 moliretur
2747 2725 2952 2784 Atha-

687 2809 924 2868 nasium
964 2806 1029 2867 in
1059 2807 1285 2868 throno
1313 2818 1638 2889 reponere,
1682 2808 2061 2888 quaerendus
2091 2808 2238 2868 alibi
2264 2821 2359 2871 est
2381 2829 2561 2871 verus
2589 2819 2657 2870 et
2682 2812 2951 2872 indubi-

687 2902 860 2956 tatus
888 2894 1027 2955 {inis
1059 2894 1506 2975 patriarchatus
1534 2897 1800 2959 Cosmae.
3073 2947 3075 2958 ,

858 2980 956 3043 lV.
1040 2981 1098 3042 Is
1124 2999 1311 3063 porro
1337 3002 1463 3042 non
1499 2982 1640 3043 alibi
1674 2982 2011 3064 reperietur
2036 2992 2216 3062 quam
2241 3002 2300 3064 p.
2319 2986 2445 3048 882
2468 3003 2532 3043 v·-
2551 2985 2632 3049 18
2646 3002 2809 3063 tqq..
2841 2983 2946 3044 ubi
3073 3059 3074 3068 ἵ

688 3068 884 3128 refert
921 3068 1315 3149 Pachymeres
1354 3061 1774 3130 Andronicum
1823 3069 2272 3130 abscindentem
2313 3069 2544 3130 nodum
2583 3081 2774 3150 quem
2819 3071 2946 3132 aol-
3073 3087 3074 3106 ³

688 3173 836 3216 vere
880 3155 1199 3233 nequibat,
1243 3155 1389 3215 dum
1420 3157 1728 3237 episcopos
1754 3156 1819 3216 in
1852 3157 2087 3237 synodo
2115 3158 2244 3217 sine
2274 3157 2458 3216 modo
2488 3166 2599 3217 aut
2632 3175 2740 3238 spe
2789 3177 2944 3218 con-

689 3240 996 3301 ventionis
1026 3240 1104 3301 de
1138 3241 1516 3318 abdicatione
1548 3243 1790 3303 Ioannis
1817 3245 2067 3304 Cosmae
2104 3253 2166 3304 et
2203 3244 2589 3304 restitutione
2622 3242 2942 3303 Athana-uf·
3073 3239 3074 3316 J

689 3318 1055 3388 altercantes
1080 3323 1269 3404 videt,
1299 3330 1616 3407 assumptis
1645 3347 1846 3389 secum
1877 3331 1947 3389 iis
1975 3331 2076 3408 qui
2107 3329 2436 3390 Athanasio
2464 3330 2778 3401 favebant,
2807 3347 2944 3388 eum
3073 3395 3074 3398 Ἴ

690 3412 843 3473 iuris
867 3431 1147 3473 securum
1172 3433 1289 3473 usu
1312 3434 1383 3473 ac
1405 3415 1563 3473 facto
1585 3413 1652 3474 in
1677 3415 2124 3494 patriarchatus
2147 3416 2513 3496 possessione
2538 3416 2942 3489 cunstitui-s,

690 3498 902 3560 multis
931 3498 1352 3580 episcoporum
1379 3510 1442 3560 et
1465 3500 1596 3581 ipso
1631 3501 1853 3561 Ioanne
1878 3503 2090 3561 cosma
2113 3501 2520 3581 nequidquam
2550 3500 2943 3562 reclamanti-

692 3585 846 3662 bus,
889 3593 955 3645 et
987 3582 1107 3645 hoc
1134 3586 1376 3665 quidem
1424 3589 1559 3665 (etsi
1591 3589 1653 3648 vi
1692 3589 1905 3648 maiori
1943 3588 2158 3647 cedens
2188 3587 2531 3668 Sozopolim
2578 3588 2648 3647 in
2679 3589 2940 3669 patriam

699 3669 971 3755 recessit)
994 3690 1209 3732 verum
1238 3693 1302 3733 se
1334 3673 1535 3736 adhuc
1562 3673 1968 3754 patriarcham
2005 3674 2356 3735 arbitrante.
2441 3693 2520 3734 ex
2549 3684 2709 3735 tunc
2739 3685 2940 3735 tamen

692 3759 773 3820 ab
787 3758 1153 3841 imperatore
1166 3779 1239 3819 ac
1265 3760 1562 3842 plerisque
1575 3761 1825 3821 loannes
1836 3762 2079 3821 Cosmas
2099 3760 2307 3822 baberi
2322 3781 2438 3842 pro
2459 3762 2814 3843 patriarcha
2833 3762 2940 3820 da-

690 3846 821 3925 siit;
852 3844 1289 3907 etAthanasius
1302 3849 1641 3909 functiones
1655 3848 1780 3907 eius
1804 3850 2119 3929 potestatis
2145 3848 2297 3928 (quo
2324 3849 2458 3909 iure
2473 3859 2678 3928 quave
2707 3850 2940 3922 iniuria,

692 3931 843 3993 deus
858 3932 996 4016 scit)
1010 3933 1303 3994 exercuit.
1342 3932 1634 3997 habemns
1654 3943 1852 3995 autem
1868 3933 2029 3996 banc
2057 3934 2343 4016 epocham
2357 3936 2712 4016 insignitam
2727 3935 2940 3996 chara·

692 4026 861 4079 ctere
887 4018 1344 4100 chronologico,
1384 4023 1490 4082 sed
1522 4030 1775 4104 propter
1800 4021 2132 4083 affectatam
2168 4043 2203 4081 a
2228 4021 2602 4110 Pachymere
2637 4021 2939 4102 quanda-
3073 4073 3074 4128 ἶ

691 4102 759 4164 in
787 4105 979 4168 verbo
1003 4107 1453 4187 ambiguitatem
1485 4109 1790 4187 indigente
1816 4107 2222 4171 declaratione
2249 4130 2376 4171 non
2403 4111 2846 4190 perfunctoria·

866 4189 944 4253 V.
1028 4192 1129 4253 Ait
1171 4193 1455 4254 nimirum
1497 4206 1705 4256 noster
1738 4193 2068 4258 historicus
2104 4217 2162 4277 p.
2199 4202 2326 4265 883
2361 4217 2427 4259 v.
2464 4199 2547 4264 18
2578 4197 2780 4272 diem,
2821 4210 2936 4272 qm

694 4284 789 4335 est
821 4276 898 4337 ab
922 4276 1272 4339 Andronico
1307 4280 1668 4361 imperatore
1706 4283 1770 4342 vi
1811 4290 1872 4340 et
1901 4302 2087 4346 manu
2122 4281 2347 4345 throno
2389 4282 2719 4362 impositus
2749 4278 2938 4342 nh·-

691 4362 927 4439 nasius,
969 4363 1149 4424 suisse
1186 4365 1533 4427 vicesimum
1567 4371 1814 4428 tet-tium
1843 4372 2062 4431 mensis
2090 4368 2554 4430 Atheniensibus
2579 4368 2938 4429 nasae*

688 4447 881 4509 rionis
922 4447 1105 4528 dicti,
1147 4450 1317 4512 cuius
1344 4455 1578 4535 primus
1609 4464 1674 4517 et
1697 4455 2011 4519 vicesimus
2045 4457 2176 4520 dies
2199 4457 2306 4517 illo
2333 4474 2499 4517 anuo
2526 4455 2594 4516 in
2616 4469 2940 4538 parascae-
