<?xml version="1.0" encoding="UTF-8"?>
<!DOCTYPE html PUBLIC "-//W3C//DTD XHTML 1.0 Transitional//EN"
    "http://www.w3.org/TR/xhtml1/DTD/xhtml1-transitional.dtd">
<html xmlns="http://www.w3.org/1999/xhtml" xml:lang="en" lang="en">
 <head>
  <title>
</title>
<meta http-equiv="Content-Type" content="text/html;charset=utf-8" />
  <meta name='ocr-system' content='tesseract 3.04.00' />
  <meta name='ocr-capabilities' content='ocr_page ocr_carea ocr_par ocr_line ocrx_word'/>
</head>
<body>
  <div class='ocr_page' id='page_1' title='image "./corpusscriptoru12unkngoog/corpusscriptoru12unkngoog_0686.png"; bbox 0 0 3084 4850; ppageno 0'>
   <div class='ocr_carea' id='block_1_1' title="bbox 924 351 2514 433">
    <p class='ocr_par' dir='ltr' id='par_1_1' title="bbox 924 351 2514 433">
     <span class='ocr_line' id='line_1_1' title="bbox 924 351 2514 433; baseline 0.003 -8"><span class='ocrx_word' id='word_1_1' title='bbox 924 353 1086 425; x_wconf 77' lang='lat' dir='ltr'>un.</span> <span class='ocrx_word' id='word_1_2' title='bbox 1126 352 1184 429; x_wconf 88' lang='lat'>1.</span> <span class='ocrx_word' id='word_1_3' title='bbox 1293 351 1867 433; x_wconf 73' lang='lat' dir='ltr'>GLOSSARIUM.</span> <span class='ocrx_word' id='word_1_4' title='bbox 2361 355 2514 430; x_wconf 88' lang='grc'>701</span> 
     </span>
    </p>
   </div>
   <div class='ocr_carea' id='block_1_2' title="bbox 240 514 2581 4521">
    <p class='ocr_par' dir='ltr' id='par_1_2' title="bbox 245 514 2581 2605">
     <span class='ocr_line' id='line_1_2' title="bbox 261 514 2525 609; baseline 0 -22"><span class='ocrx_word' id='word_1_5' title='bbox 261 519 464 607; x_wconf 65' lang='lat' dir='ltr'>(loyce</span> <span class='ocrx_word' id='word_1_6' title='bbox 489 514 719 603; x_wconf 66' lang='grc' dir='ltr'><strong><em>αὑτοῦ,</em></strong></span> <span class='ocrx_word' id='word_1_7' title='bbox 760 517 808 608; x_wconf 75' lang='grc' dir='ltr'>ἢ</span> <span class='ocrx_word' id='word_1_8' title='bbox 841 517 1272 602; x_wconf 52' lang='lat' dir='ltr'>&amp;tonitam</span> <span class='ocrx_word' id='word_1_9' title='bbox 1310 519 1471 606; x_wconf 72' lang='grc' dir='ltr'>ὖπὲρ</span> <span class='ocrx_word' id='word_1_10' title='bbox 1508 514 1599 588; x_wconf 68' lang='grc' dir='ltr'>ὧν</span> <span class='ocrx_word' id='word_1_11' title='bbox 1639 516 1967 609; x_wconf 65' lang='grc' dir='ltr'><strong><em>ἔρογεῦθη.</em></strong></span> <span class='ocrx_word' id='word_1_12' title='bbox 2052 519 2177 585; x_wconf 83' lang='lat' dir='ltr'>hoc</span> <span class='ocrx_word' id='word_1_13' title='bbox 2203 531 2296 586; x_wconf 85' lang='lat' dir='ltr'>est</span> <span class='ocrx_word' id='word_1_14' title='bbox 2323 522 2525 587; x_wconf 80' lang='lat' dir='ltr'>inter-</span> 
     </span>
     <span class='ocr_line' id='line_1_3' title="bbox 255 611 2524 694; baseline 0 -23"><span class='ocrx_word' id='word_1_15' title='bbox 255 622 443 693; x_wconf 76' lang='lat' dir='ltr'>prete</span> <span class='ocrx_word' id='word_1_16' title='bbox 485 611 772 673; x_wconf 68' lang='lat' dir='ltr'>Greisa-o</span> <span class='ocrx_word' id='word_1_17' title='bbox 812 622 1060 673; x_wconf 68' lang='lat' dir='ltr'>nostros</span> <span class='ocrx_word' id='word_1_18' title='bbox 1120 613 1495 694; x_wconf 60' lang='lat' dir='ltr'>leg-ariacas</span> <span class='ocrx_word' id='word_1_19' title='bbox 1537 611 1730 671; x_wconf 80' lang='lat' dir='ltr'>aulae</span> <span class='ocrx_word' id='word_1_20' title='bbox 1761 621 2053 672; x_wconf 79' lang='lat' dir='ltr'>numerat</span> <span class='ocrx_word' id='word_1_21' title='bbox 2091 624 2148 671; x_wconf 76' lang='grc' dir='ltr'>ει</span> <span class='ocrx_word' id='word_1_22' title='bbox 2199 622 2524 694; x_wconf 70' lang='lat' dir='ltr'>computat</span> 
     </span>
     <span class='ocr_line' id='line_1_4' title="bbox 259 697 2530 780; baseline 0.002 -24"><span class='ocrx_word' id='word_1_23' title='bbox 259 720 477 757; x_wconf 72' lang='lat' dir='ltr'>onmes</span> <span class='ocrx_word' id='word_1_24' title='bbox 501 700 734 758; x_wconf 77' lang='lat' dir='ltr'>milites</span> <span class='ocrx_word' id='word_1_25' title='bbox 763 701 880 780; x_wconf 79' lang='lat' dir='ltr'>qui</span> <span class='ocrx_word' id='word_1_26' title='bbox 913 701 980 759; x_wconf 82' lang='lat' dir='ltr'>in</span> <span class='ocrx_word' id='word_1_27' title='bbox 1008 700 1169 758; x_wconf 79' lang='lat' dir='ltr'>aula</span> <span class='ocrx_word' id='word_1_28' title='bbox 1194 697 1508 780; x_wconf 74' lang='lat' dir='ltr'>stipendia</span> <span class='ocrx_word' id='word_1_29' title='bbox 1535 709 1793 776; x_wconf 76' lang='lat' dir='ltr'>merent,-</span> <span class='ocrx_word' id='word_1_30' title='bbox 1838 710 1895 758; x_wconf 74' lang='lat' dir='ltr'>et</span> <span class='ocrx_word' id='word_1_31' title='bbox 1926 698 2182 779; x_wconf 69' lang='lat' dir='ltr'>dispicit</span> <span class='ocrx_word' id='word_1_32' title='bbox 2208 697 2530 779; x_wconf 79' lang='lat' dir='ltr'>numquid</span> 
     </span>
     <span class='ocr_line' id='line_1_5' title="bbox 259 782 2526 867; baseline 0.002 -24"><span class='ocrx_word' id='word_1_33' title='bbox 259 786 474 843; x_wconf 75' lang='lat' dir='ltr'>alicui</span> <span class='ocrx_word' id='word_1_34' title='bbox 502 782 579 844; x_wconf 82' lang='lat' dir='ltr'>de</span> <span class='ocrx_word' id='word_1_35' title='bbox 613 784 926 866; x_wconf 78' lang='lat' dir='ltr'>stipendio</span> <span class='ocrx_word' id='word_1_36' title='bbox 962 784 1154 859; x_wconf 69' lang='lat' dir='ltr'>desit,</span> <span class='ocrx_word' id='word_1_37' title='bbox 1214 798 1333 846; x_wconf 79' lang='lat' dir='ltr'>aut</span> <span class='ocrx_word' id='word_1_38' title='bbox 1363 807 1520 846; x_wconf 82' lang='lat' dir='ltr'>num</span> <span class='ocrx_word' id='word_1_39' title='bbox 1536 785 1719 867; x_wconf 79' lang='lat' dir='ltr'>plene</span> <span class='ocrx_word' id='word_1_40' title='bbox 1746 785 2113 866; x_wconf 70' lang='lat' dir='ltr'>satisfecerit</span> <span class='ocrx_word' id='word_1_41' title='bbox 2144 805 2264 865; x_wconf 82' lang='lat' dir='ltr'>pro</span> <span class='ocrx_word' id='word_1_42' title='bbox 2292 790 2526 866; x_wconf 76' lang='lat' dir='ltr'>stipen-</span> 
     </span>
     <span class='ocr_line' id='line_1_6' title="bbox 257 867 2519 954; baseline 0.002 -24"><span class='ocrx_word' id='word_1_43' title='bbox 257 871 377 930; x_wconf 70' lang='lat' dir='ltr'>dio</span> <span class='ocrx_word' id='word_1_44' title='bbox 426 869 600 951; x_wconf 79' lang='lat' dir='ltr'>quod</span> <span class='ocrx_word' id='word_1_45' title='bbox 648 876 903 954; x_wconf 71' lang='lat' dir='ltr'>accepit.</span> <span class='ocrx_word' id='word_1_46' title='bbox 1002 872 1278 934; x_wconf 87' lang='lat' dir='ltr'>meminit</span> <span class='ocrx_word' id='word_1_47' title='bbox 1335 871 1520 934; x_wconf 82' lang='lat' dir='ltr'>buius</span> <span class='ocrx_word' id='word_1_48' title='bbox 1575 872 1764 933; x_wconf 83' lang='lat' dir='ltr'>officii</span> <span class='ocrx_word' id='word_1_49' title='bbox 1815 892 1991 954; x_wconf 84' lang='lat' dir='ltr'>saepe</span> <span class='ocrx_word' id='word_1_50' title='bbox 2050 871 2192 932; x_wconf 89' lang='lat' dir='ltr'>alibi</span> <span class='ocrx_word' id='word_1_51' title='bbox 2233 867 2519 934; x_wconf 72' lang='lat' dir='ltr'>eodinus.</span> 
     </span>
     <span class='ocr_line' id='line_1_7' title="bbox 258 957 2525 1040; baseline 0 -22"><span class='ocrx_word' id='word_1_52' title='bbox 258 968 402 1019; x_wconf 85' lang='lat' dir='ltr'>erat</span> <span class='ocrx_word' id='word_1_53' title='bbox 432 967 494 1018; x_wconf 90' lang='lat' dir='ltr'>et</span> <span class='ocrx_word' id='word_1_54' title='bbox 518 959 676 1019; x_wconf 87' lang='lat' dir='ltr'>alius</span> <span class='ocrx_word' id='word_1_55' title='bbox 709 959 1082 1039; x_wconf 78' lang='lat' dir='ltr'>Logariastes</span> <span class='ocrx_word' id='word_1_56' title='bbox 1110 981 1365 1040; x_wconf 82' lang='lat' dir='ltr'>magnus</span> <span class='ocrx_word' id='word_1_57' title='bbox 1399 969 1766 1021; x_wconf 85' lang='lat' dir='ltr'>memoratus</span> <span class='ocrx_word' id='word_1_58' title='bbox 1795 959 1985 1020; x_wconf 86' lang='lat' dir='ltr'>eidem</span> <span class='ocrx_word' id='word_1_59' title='bbox 2020 979 2150 1019; x_wconf 85' lang='lat' dir='ltr'>non</span> <span class='ocrx_word' id='word_1_60' title='bbox 2189 957 2406 1033; x_wconf 84' lang='lat' dir='ltr'>semel,</span> <span class='ocrx_word' id='word_1_61' title='bbox 2451 967 2525 1019; x_wconf 83' lang='lat' dir='ltr'>ut</span> 
     </span>
     <span class='ocr_line' id='line_1_8' title="bbox 254 1045 2521 1129; baseline 0.001 -25"><span class='ocrx_word' id='word_1_62' title='bbox 254 1068 316 1104; x_wconf 74' lang='lat' dir='ltr'>c.</span> <span class='ocrx_word' id='word_1_63' title='bbox 350 1048 396 1108; x_wconf 81' lang='lat'><strong>2</strong></span> <span class='ocrx_word' id='word_1_64' title='bbox 424 1065 482 1104; x_wconf 85' lang='lat' dir='ltr'>n.</span> <span class='ocrx_word' id='word_1_65' title='bbox 526 1048 630 1113; x_wconf 73' lang='grc'>40.</span> <span class='ocrx_word' id='word_1_66' title='bbox 720 1046 796 1106; x_wconf 86' lang='lat' dir='ltr'>ab</span> <span class='ocrx_word' id='word_1_67' title='bbox 839 1045 963 1107; x_wconf 82' lang='lat' dir='ltr'>hoc</span> <span class='ocrx_word' id='word_1_68' title='bbox 1005 1048 1178 1129; x_wconf 86' lang='lat' dir='ltr'>prior</span> <span class='ocrx_word' id='word_1_69' title='bbox 1215 1047 1616 1126; x_wconf 68' lang='lat' dir='ltr'>distinguitur</span> <span class='ocrx_word' id='word_1_70' title='bbox 1654 1047 1946 1108; x_wconf 87' lang='lat' dir='ltr'>adiuncto</span> <span class='ocrx_word' id='word_1_71' title='bbox 1975 1046 2151 1107; x_wconf 87' lang='lat' dir='ltr'>aulae</span> <span class='ocrx_word' id='word_1_72' title='bbox 2189 1046 2521 1107; x_wconf 77' lang='lat' dir='ltr'>vocabulo.</span> 
     </span>
     <span class='ocr_line' id='line_1_9' title="bbox 254 1124 2522 1214; baseline 0.002 -24"><span class='ocrx_word' id='word_1_73' title='bbox 254 1131 435 1211; x_wconf 85' lang='lat' dir='ltr'>quod</span> <span class='ocrx_word' id='word_1_74' title='bbox 466 1151 497 1189; x_wconf 86' lang='lat' dir='ltr'>a</span> <span class='ocrx_word' id='word_1_75' title='bbox 529 1132 767 1193; x_wconf 88' lang='lat' dir='ltr'>Codino</span> <span class='ocrx_word' id='word_1_76' title='bbox 793 1134 1085 1194; x_wconf 84' lang='lat' dir='ltr'>scribitur</span> <span class='ocrx_word' id='word_1_77' title='bbox 1118 1155 1173 1201; x_wconf 87' lang='lat' dir='ltr'>c.</span> <span class='ocrx_word' id='word_1_78' title='bbox 1199 1137 1240 1201; x_wconf 85' lang='lat'><strong>5</strong></span> <span class='ocrx_word' id='word_1_79' title='bbox 1271 1156 1331 1194; x_wconf 90' lang='lat' dir='ltr'>n.</span> <span class='ocrx_word' id='word_1_80' title='bbox 1361 1139 1440 1200; x_wconf 84' lang='lat'>61</span> <span class='ocrx_word' id='word_1_81' title='bbox 1475 1134 1552 1194; x_wconf 88' lang='lat' dir='ltr'>de</span> <span class='ocrx_word' id='word_1_82' title='bbox 1585 1135 1930 1214; x_wconf 77' lang='lat' dir='ltr'>Logariaste</span> <span class='ocrx_word' id='word_1_83' title='bbox 1956 1133 2146 1210; x_wconf 86' lang='lat' dir='ltr'>aulae,</span> <span class='ocrx_word' id='word_1_84' title='bbox 2200 1124 2382 1208; x_wconf 74' lang='grc' dir='ltr'><strong><em>οὗτος</em></strong></span> <span class='ocrx_word' id='word_1_85' title='bbox 2405 1126 2522 1197; x_wconf 72' lang='lat' dir='ltr'>mix</span> 
     </span>
     <span class='ocr_line' id='line_1_10' title="bbox 254 1217 2521 1388; baseline 0.001 -25"><span class='ocrx_word' id='word_1_86' title='bbox 254 1217 932 1388; x_wconf 49' lang='grc' dir='ltr'>ἷέἶὶξὲἒῖἑῗηὲξὲῗῗ</span> <span class='ocrx_word' id='word_1_87' title='bbox 951 1224 1404 1369; x_wconf 60' lang='grc' dir='ltr'><strong>0ἴῖἷῖἷωίἼῖ</strong></span> <span class='ocrx_word' id='word_1_88' title='bbox 1424 1224 2019 1369; x_wconf 51' lang='grc' dir='ltr'>ἑζῖῖῗωῖξίἷέ,</span> <span class='ocrx_word' id='word_1_89' title='bbox 2036 1219 2521 1367; x_wconf 48' lang='lat' dir='ltr'>siffifflssii‘</span> 
     </span>
     <span class='ocr_line' id='line_1_11' title="bbox 251 1330 2518 1474; baseline 0.002 -24"><span class='ocrx_word' id='word_1_90' title='bbox 251 1411 381 1451; x_wconf 79' lang='lat' dir='ltr'>nus</span> <span class='ocrx_word' id='word_1_91' title='bbox 435 1402 690 1472; x_wconf 87' lang='lat' dir='ltr'>putatur</span> <span class='ocrx_word' id='word_1_92' title='bbox 729 1393 842 1454; x_wconf 84' lang='lat' dir='ltr'>sub</span> <span class='ocrx_word' id='word_1_93' title='bbox 881 1330 1300 1456; x_wconf 55' lang='lat' dir='ltr'>(llbntacuzeno</span> <span class='ocrx_word' id='word_1_94' title='bbox 1353 1406 1462 1455; x_wconf 83' lang='lat' dir='ltr'>sut</span> <span class='ocrx_word' id='word_1_95' title='bbox 1506 1331 1646 1455; x_wconf 64' lang='lat' dir='ltr'>oiim</span> <span class='ocrx_word' id='word_1_96' title='bbox 1699 1330 1845 1470; x_wconf 57' lang='lat' dir='ltr'>i’lloq,</span> <span class='ocrx_word' id='word_1_97' title='bbox 1887 1394 2008 1454; x_wconf 86' lang='lat' dir='ltr'>hoc</span> <span class='ocrx_word' id='word_1_98' title='bbox 2047 1405 2137 1455; x_wconf 84' lang='lat' dir='ltr'>est</span> <span class='ocrx_word' id='word_1_99' title='bbox 2165 1394 2518 1474; x_wconf 77' lang='lat' dir='ltr'>principatu</span> 
     </span>
     <span class='ocr_line' id='line_1_12' title="bbox 250 1478 2516 1561; baseline 0.001 -23"><span class='ocrx_word' id='word_1_100' title='bbox 250 1478 604 1540; x_wconf 78' lang='lat' dir='ltr'>Andronici</span> <span class='ocrx_word' id='word_1_101' title='bbox 635 1479 893 1541; x_wconf 78' lang='lat' dir='ltr'>iunioris</span> <span class='ocrx_word' id='word_1_102' title='bbox 913 1525 931 1557; x_wconf 92' lang='lat'>,</span> <span class='ocrx_word' id='word_1_103' title='bbox 977 1480 1155 1542; x_wconf 72' lang='lat' dir='ltr'>liuius</span> <span class='ocrx_word' id='word_1_104' title='bbox 1192 1482 1571 1558; x_wconf 79' lang='lat' dir='ltr'>Andronici,</span> <span class='ocrx_word' id='word_1_105' title='bbox 1619 1482 1794 1542; x_wconf 88' lang='lat' dir='ltr'>cuius</span> <span class='ocrx_word' id='word_1_106' title='bbox 1821 1480 2139 1542; x_wconf 71' lang='lat' dir='ltr'>historiam</span> <span class='ocrx_word' id='word_1_107' title='bbox 2172 1478 2516 1561; x_wconf 72' lang='lat' dir='ltr'>Paobymc-</span> 
     </span>
     <span class='ocr_line' id='line_1_13' title="bbox 249 1563 2581 1650; baseline 0 -24"><span class='ocrx_word' id='word_1_108' title='bbox 249 1584 359 1626; x_wconf 78' lang='lat' dir='ltr'>res</span> <span class='ocrx_word' id='word_1_109' title='bbox 407 1563 531 1625; x_wconf 77' lang='lat' dir='ltr'>hoc</span> <span class='ocrx_word' id='word_1_110' title='bbox 572 1587 757 1647; x_wconf 82' lang='lat' dir='ltr'>opere</span> <span class='ocrx_word' id='word_1_111' title='bbox 794 1569 1018 1645; x_wconf 85' lang='lat' dir='ltr'>tradit,</span> <span class='ocrx_word' id='word_1_112' title='bbox 1077 1570 1319 1650; x_wconf 82' lang='lat' dir='ltr'>nepotis</span> <span class='ocrx_word' id='word_1_113' title='bbox 1349 1578 1411 1629; x_wconf 88' lang='lat' dir='ltr'>et</span> <span class='ocrx_word' id='word_1_114' title='bbox 1437 1569 1769 1648; x_wconf 79' lang='lat' dir='ltr'>aliquando</span> <span class='ocrx_word' id='word_1_115' title='bbox 1812 1568 2097 1647; x_wconf 81' lang='lat' dir='ltr'>collegae.</span> <span class='ocrx_word' id='word_1_116' title='bbox 2185 1586 2328 1628; x_wconf 87' lang='lat' dir='ltr'>cum</span> <span class='ocrx_word' id='word_1_117' title='bbox 2354 1567 2516 1627; x_wconf 86' lang='lat' dir='ltr'>enim</span> <span class='ocrx_word' id='word_1_118' title='bbox 2574 1635 2581 1643; x_wconf 92' lang='lat'><strong><em>.</em></strong></span> 
     </span>
     <span class='ocr_line' id='line_1_14' title="bbox 251 1649 2516 1737; baseline 0 -24"><span class='ocrx_word' id='word_1_119' title='bbox 251 1671 340 1713; x_wconf 82' lang='lat' dir='ltr'>ex</span> <span class='ocrx_word' id='word_1_120' title='bbox 377 1649 477 1714; x_wconf 81' lang='lat' dir='ltr'>his</span> <span class='ocrx_word' id='word_1_121' title='bbox 523 1672 680 1732; x_wconf 86' lang='lat' dir='ltr'>quae</span> <span class='ocrx_word' id='word_1_122' title='bbox 713 1675 890 1736; x_wconf 83' lang='lat' dir='ltr'>saepe</span> <span class='ocrx_word' id='word_1_123' title='bbox 929 1656 1213 1734; x_wconf 84' lang='lat' dir='ltr'>superius</span> <span class='ocrx_word' id='word_1_124' title='bbox 1256 1663 1466 1716; x_wconf 87' lang='lat' dir='ltr'>noster</span> <span class='ocrx_word' id='word_1_125' title='bbox 1500 1665 1754 1737; x_wconf 81' lang='lat' dir='ltr'>questus</span> <span class='ocrx_word' id='word_1_126' title='bbox 1785 1665 1878 1716; x_wconf 84' lang='lat' dir='ltr'>est</span> <span class='ocrx_word' id='word_1_127' title='bbox 1930 1655 2005 1715; x_wconf 84' lang='lat' dir='ltr'>de</span> <span class='ocrx_word' id='word_1_128' title='bbox 2038 1653 2310 1734; x_wconf 80' lang='lat' dir='ltr'>neglecta</span> <span class='ocrx_word' id='word_1_129' title='bbox 2339 1652 2516 1713; x_wconf 88' lang='lat' dir='ltr'>solu·</span> 
     </span>
     <span class='ocr_line' id='line_1_15' title="bbox 248 1735 2515 1827; baseline -0 -28"><span class='ocrx_word' id='word_1_130' title='bbox 248 1740 428 1799; x_wconf 79' lang='lat' dir='ltr'>tione</span> <span class='ocrx_word' id='word_1_131' title='bbox 455 1740 821 1822; x_wconf 75' lang='lat' dir='ltr'>pensionum</span> <span class='ocrx_word' id='word_1_132' title='bbox 850 1741 1144 1803; x_wconf 78' lang='lat' dir='ltr'>militibus</span> <span class='ocrx_word' id='word_1_133' title='bbox 1170 1742 1577 1821; x_wconf 80' lang='lat' dir='ltr'>decretarum,</span> <span class='ocrx_word' id='word_1_134' title='bbox 1619 1762 1772 1822; x_wconf 81' lang='lat' dir='ltr'>quas</span> <span class='ocrx_word' id='word_1_135' title='bbox 1802 1735 1992 1827; x_wconf 73' lang='grc' dir='ltr'><strong><em>ρόγας</em></strong></span> <span class='ocrx_word' id='word_1_136' title='bbox 2017 1741 2286 1802; x_wconf 84' lang='lat' dir='ltr'>Codinus</span> <span class='ocrx_word' id='word_1_137' title='bbox 2315 1749 2378 1800; x_wconf 90' lang='lat' dir='ltr'>et</span> <span class='ocrx_word' id='word_1_138' title='bbox 2407 1739 2515 1801; x_wconf 84' lang='lat' dir='ltr'>alii</span> 
     </span>
     <span class='ocr_line' id='line_1_16' title="bbox 248 1827 2512 1908; baseline -0.001 -20"><span class='ocrx_word' id='word_1_139' title='bbox 248 1837 525 1905; x_wconf 72' lang='lat' dir='ltr'>vocant,</span> <span class='ocrx_word' id='word_1_140' title='bbox 567 1827 947 1908; x_wconf 78' lang='lat' dir='ltr'>intelligatur</span> <span class='ocrx_word' id='word_1_141' title='bbox 970 1828 1196 1890; x_wconf 88' lang='lat' dir='ltr'>sensim</span> <span class='ocrx_word' id='word_1_142' title='bbox 1224 1829 1551 1891; x_wconf 85' lang='lat' dir='ltr'>inductum</span> <span class='ocrx_word' id='word_1_143' title='bbox 1583 1829 1698 1891; x_wconf 85' lang='lat' dir='ltr'>sub</span> <span class='ocrx_word' id='word_1_144' title='bbox 1727 1828 2081 1890; x_wconf 76' lang='lat' dir='ltr'>Andronico</span> <span class='ocrx_word' id='word_1_145' title='bbox 2106 1827 2335 1890; x_wconf 88' lang='lat' dir='ltr'>seniori</span> <span class='ocrx_word' id='word_1_146' title='bbox 2367 1847 2512 1887; x_wconf 85' lang='lat' dir='ltr'>mo-</span> 
     </span>
     <span class='ocr_line' id='line_1_17' title="bbox 245 1914 2513 1998; baseline -0.001 -23"><span class='ocrx_word' id='word_1_147' title='bbox 245 1934 388 1975; x_wconf 85' lang='lat' dir='ltr'>rem</span> <span class='ocrx_word' id='word_1_148' title='bbox 415 1915 685 1996; x_wconf 87' lang='lat' dir='ltr'>primum</span> <span class='ocrx_word' id='word_1_149' title='bbox 718 1935 856 1976; x_wconf 86' lang='lat' dir='ltr'>sero</span> <span class='ocrx_word' id='word_1_150' title='bbox 888 1935 1001 1976; x_wconf 88' lang='lat' dir='ltr'>nec</span> <span class='ocrx_word' id='word_1_151' title='bbox 1024 1916 1259 1997; x_wconf 85' lang='lat' dir='ltr'>integre</span> <span class='ocrx_word' id='word_1_152' title='bbox 1287 1916 1566 1980; x_wconf 86' lang='lat' dir='ltr'>solvendi</span> <span class='ocrx_word' id='word_1_153' title='bbox 1590 1916 1761 1998; x_wconf 85' lang='lat' dir='ltr'>quod</span> <span class='ocrx_word' id='word_1_154' title='bbox 1788 1916 2195 1977; x_wconf 88' lang='lat' dir='ltr'>constitutum</span> <span class='ocrx_word' id='word_1_155' title='bbox 2224 1914 2513 1976; x_wconf 72' lang='lat' dir='ltr'>militan-</span> 
     </span>
     <span class='ocr_line' id='line_1_18' title="bbox 247 2001 2514 2087; baseline -0.001 -25"><span class='ocrx_word' id='word_1_156' title='bbox 247 2002 423 2062; x_wconf 79' lang='lat' dir='ltr'>tibus</span> <span class='ocrx_word' id='word_1_157' title='bbox 455 2011 625 2080; x_wconf 82' lang='lat' dir='ltr'>erat,</span> <span class='ocrx_word' id='word_1_158' title='bbox 674 2003 924 2081; x_wconf 87' lang='lat' dir='ltr'>deinde,</span> <span class='ocrx_word' id='word_1_159' title='bbox 968 2013 1042 2063; x_wconf 89' lang='lat' dir='ltr'>ut</span> <span class='ocrx_word' id='word_1_160' title='bbox 1071 2014 1358 2087; x_wconf 83' lang='lat' dir='ltr'>apparet,</span> <span class='ocrx_word' id='word_1_161' title='bbox 1402 2024 1657 2085; x_wconf 81' lang='lat' dir='ltr'>prorsus</span> <span class='ocrx_word' id='word_1_162' title='bbox 1684 2004 1967 2084; x_wconf 79' lang='lat' dir='ltr'>negandi,</span> <span class='ocrx_word' id='word_1_163' title='bbox 2011 2003 2219 2065; x_wconf 88' lang='lat' dir='ltr'>locum</span> <span class='ocrx_word' id='word_1_164' title='bbox 2245 2001 2514 2083; x_wconf 84' lang='lat' dir='ltr'>amplius</span> 
     </span>
     <span class='ocr_line' id='line_1_19' title="bbox 249 2087 2515 2169; baseline -0.001 -20"><span class='ocrx_word' id='word_1_165' title='bbox 249 2109 382 2149; x_wconf 82' lang='lat' dir='ltr'>non</span> <span class='ocrx_word' id='word_1_166' title='bbox 410 2087 628 2150; x_wconf 87' lang='lat' dir='ltr'>habuit</span> <span class='ocrx_word' id='word_1_167' title='bbox 653 2090 892 2151; x_wconf 73' lang='lat' dir='ltr'>suiictio</span> <span class='ocrx_word' id='word_1_168' title='bbox 920 2091 1306 2169; x_wconf 64' lang='lat' dir='ltr'>Logariastse</span> <span class='ocrx_word' id='word_1_169' title='bbox 1339 2092 1534 2167; x_wconf 80' lang='lat' dir='ltr'>aulae,</span> <span class='ocrx_word' id='word_1_170' title='bbox 1583 2091 1633 2150; x_wconf 82' lang='lat' dir='ltr'>sl</span> <span class='ocrx_word' id='word_1_171' title='bbox 1666 2092 1794 2152; x_wconf 90' lang='lat' dir='ltr'>eius</span> <span class='ocrx_word' id='word_1_172' title='bbox 1823 2101 1988 2167; x_wconf 82' lang='lat' dir='ltr'>erat,</span> <span class='ocrx_word' id='word_1_173' title='bbox 2034 2099 2106 2150; x_wconf 89' lang='lat' dir='ltr'>ut</span> <span class='ocrx_word' id='word_1_174' title='bbox 2137 2099 2230 2149; x_wconf 86' lang='lat' dir='ltr'>est</span> <span class='ocrx_word' id='word_1_175' title='bbox 2257 2088 2515 2165; x_wconf 87' lang='lat' dir='ltr'>dictum,</span> 
     </span>
     <span class='ocr_line' id='line_1_20' title="bbox 246 2176 2512 2257; baseline -0.001 -23"><span class='ocrx_word' id='word_1_176' title='bbox 246 2176 583 2257; x_wconf 73' lang='lat' dir='ltr'>providere</span> <span class='ocrx_word' id='word_1_177' title='bbox 614 2188 687 2237; x_wconf 91' lang='lat' dir='ltr'>ut</span> <span class='ocrx_word' id='word_1_178' title='bbox 713 2177 947 2255; x_wconf 76' lang='lat' dir='ltr'>integre</span> <span class='ocrx_word' id='word_1_179' title='bbox 977 2178 1297 2257; x_wconf 81' lang='lat' dir='ltr'>pensiones</span> <span class='ocrx_word' id='word_1_180' title='bbox 1324 2178 1476 2236; x_wconf 82' lang='lat' dir='ltr'>istae</span> <span class='ocrx_word' id='word_1_181' title='bbox 1501 2197 1618 2257; x_wconf 87' lang='lat' dir='ltr'>pro</span> <span class='ocrx_word' id='word_1_182' title='bbox 1642 2177 1824 2236; x_wconf 89' lang='lat' dir='ltr'>modo</span> <span class='ocrx_word' id='word_1_183' title='bbox 1854 2184 2112 2235; x_wconf 84' lang='lat' dir='ltr'>navatae</span> <span class='ocrx_word' id='word_1_184' title='bbox 2141 2194 2360 2255; x_wconf 81' lang='lat' dir='ltr'>operae</span> <span class='ocrx_word' id='word_1_185' title='bbox 2386 2195 2512 2233; x_wconf 86' lang='lat' dir='ltr'>nu·</span> 
     </span>
     <span class='ocr_line' id='line_1_21' title="bbox 247 2259 2511 2341; baseline 0 -20"><span class='ocrx_word' id='word_1_186' title='bbox 247 2273 654 2323; x_wconf 75' lang='lat' dir='ltr'>metarentur.</span> <span class='ocrx_word' id='word_1_187' title='bbox 739 2263 941 2341; x_wconf 84' lang='lat' dir='ltr'>potuit</span> <span class='ocrx_word' id='word_1_188' title='bbox 970 2273 1169 2322; x_wconf 77' lang='lat' dir='ltr'>tomen</span> <span class='ocrx_word' id='word_1_189' title='bbox 1205 2281 1427 2321; x_wconf 87' lang='lat' dir='ltr'>nomen</span> <span class='ocrx_word' id='word_1_190' title='bbox 1459 2272 1517 2322; x_wconf 84' lang='lat' dir='ltr'>et</span> <span class='ocrx_word' id='word_1_191' title='bbox 1547 2259 1749 2322; x_wconf 85' lang='lat' dir='ltr'>honor</span> <span class='ocrx_word' id='word_1_192' title='bbox 1782 2261 1965 2322; x_wconf 88' lang='lat' dir='ltr'>huius</span> <span class='ocrx_word' id='word_1_193' title='bbox 1992 2260 2378 2341; x_wconf 68' lang='lat' dir='ltr'>magistratus</span> <span class='ocrx_word' id='word_1_194' title='bbox 2403 2281 2511 2321; x_wconf 85' lang='lat' dir='ltr'>re·-</span> 
     </span>
     <span class='ocr_line' id='line_1_22' title="bbox 246 2346 2512 2428; baseline 0 -22"><span class='ocrx_word' id='word_1_195' title='bbox 246 2348 482 2427; x_wconf 69' lang='lat' dir='ltr'>flneri,</span> <span class='ocrx_word' id='word_1_196' title='bbox 539 2348 707 2428; x_wconf 86' lang='lat' dir='ltr'>quod</span> <span class='ocrx_word' id='word_1_197' title='bbox 743 2349 844 2407; x_wconf 79' lang='lat' dir='ltr'>hic</span> <span class='ocrx_word' id='word_1_198' title='bbox 872 2357 1082 2410; x_wconf 84' lang='lat' dir='ltr'>noster</span> <span class='ocrx_word' id='word_1_199' title='bbox 1109 2348 1373 2427; x_wconf 88' lang='lat' dir='ltr'>indicat,</span> <span class='ocrx_word' id='word_1_200' title='bbox 1427 2349 1540 2409; x_wconf 89' lang='lat' dir='ltr'>etsi</span> <span class='ocrx_word' id='word_1_201' title='bbox 1572 2349 1694 2410; x_wconf 88' lang='lat' dir='ltr'>iam</span> <span class='ocrx_word' id='word_1_202' title='bbox 1720 2358 1853 2409; x_wconf 89' lang='lat' dir='ltr'>tum</span> <span class='ocrx_word' id='word_1_203' title='bbox 1888 2350 2046 2409; x_wconf 83' lang='lat' dir='ltr'>sorte</span> <span class='ocrx_word' id='word_1_204' title='bbox 2067 2394 2084 2427; x_wconf 90' lang='lat'><strong>,</strong></span> <span class='ocrx_word' id='word_1_205' title='bbox 2129 2348 2181 2409; x_wconf 90' lang='lat' dir='ltr'>si</span> <span class='ocrx_word' id='word_1_206' title='bbox 2216 2346 2512 2423; x_wconf 86' lang='lat' dir='ltr'>Codinus,</span> 
     </span>
     <span class='ocr_line' id='line_1_23' title="bbox 250 2434 2513 2520; baseline 0 -25"><span class='ocrx_word' id='word_1_207' title='bbox 250 2435 435 2495; x_wconf 84' lang='lat' dir='ltr'>cuius</span> <span class='ocrx_word' id='word_1_208' title='bbox 471 2445 633 2495; x_wconf 82' lang='lat' dir='ltr'>aetas</span> <span class='ocrx_word' id='word_1_209' title='bbox 662 2446 752 2496; x_wconf 87' lang='lat' dir='ltr'>est</span> <span class='ocrx_word' id='word_1_210' title='bbox 779 2436 1049 2516; x_wconf 86' lang='lat' dir='ltr'>incerta,</span> <span class='ocrx_word' id='word_1_211' title='bbox 1091 2437 1208 2500; x_wconf 88' lang='lat' dir='ltr'>sub</span> <span class='ocrx_word' id='word_1_212' title='bbox 1233 2438 1591 2499; x_wconf 79' lang='lat' dir='ltr'>Andronico</span> <span class='ocrx_word' id='word_1_213' title='bbox 1623 2436 1865 2501; x_wconf 85' lang='lat' dir='ltr'>seniore</span> <span class='ocrx_word' id='word_1_214' title='bbox 1894 2436 2171 2520; x_wconf 83' lang='lat' dir='ltr'>scripsit,</span> <span class='ocrx_word' id='word_1_215' title='bbox 2216 2434 2342 2498; x_wconf 87' lang='lat' dir='ltr'>eius</span> <span class='ocrx_word' id='word_1_216' title='bbox 2383 2434 2513 2496; x_wconf 90' lang='lat' dir='ltr'>mi·-</span> 
     </span>
     <span class='ocr_line' id='line_1_24' title="bbox 249 2520 1397 2605; baseline 0.002 -23"><span class='ocrx_word' id='word_1_217' title='bbox 249 2522 613 2594; x_wconf 66' lang='lat' dir='ltr'>uinta-ium,</span> <span class='ocrx_word' id='word_1_218' title='bbox 653 2520 1038 2605; x_wconf 66' lang='grc' dir='ltr'><strong><em>ὑπηρέτημα,</em></strong></span> <span class='ocrx_word' id='word_1_219' title='bbox 1087 2532 1397 2590; x_wconf 87' lang='lat' dir='ltr'>cessasset.</span> 
     </span>
    </p>

    <p class='ocr_par' dir='ltr' id='par_1_3' title="bbox 240 2606 2513 4521">
     <span class='ocr_line' id='line_1_25' title="bbox 432 2606 2512 2693; baseline -0.002 -20"><span class='ocrx_word' id='word_1_220' title='bbox 432 2606 1075 2693; x_wconf 74' lang='grc' dir='ltr'><strong><em>Μαιμακτηριόν</em></strong></span> <span class='ocrx_word' id='word_1_221' title='bbox 1119 2616 1323 2693; x_wconf 78' lang='lat' dir='ltr'>p.882</span> <span class='ocrx_word' id='word_1_222' title='bbox 1343 2613 1525 2678; x_wconf 82' lang='lat' dir='ltr'><strong>v.19.</strong></span> <span class='ocrx_word' id='word_1_223' title='bbox 1613 2629 1763 2671; x_wconf 80' lang='lat' dir='ltr'>cave</span> <span class='ocrx_word' id='word_1_224' title='bbox 1791 2617 1968 2693; x_wconf 86' lang='lat' dir='ltr'>putes</span> <span class='ocrx_word' id='word_1_225' title='bbox 1991 2607 2113 2671; x_wconf 85' lang='lat' dir='ltr'>hoc</span> <span class='ocrx_word' id='word_1_226' title='bbox 2147 2619 2221 2671; x_wconf 90' lang='lat' dir='ltr'>ut</span> <span class='ocrx_word' id='word_1_227' title='bbox 2249 2608 2382 2670; x_wconf 87' lang='lat' dir='ltr'>aliis</span> <span class='ocrx_word' id='word_1_228' title='bbox 2409 2608 2512 2669; x_wconf 89' lang='lat' dir='ltr'>lo·-</span> 
     </span>
     <span class='ocr_line' id='line_1_26' title="bbox 253 2695 2513 2779; baseline -0 -21"><span class='ocrx_word' id='word_1_229' title='bbox 253 2697 348 2758; x_wconf 83' lang='lat' dir='ltr'>eis</span> <span class='ocrx_word' id='word_1_230' title='bbox 383 2695 573 2757; x_wconf 85' lang='lat' dir='ltr'>huius</span> <span class='ocrx_word' id='word_1_231' title='bbox 595 2696 889 2759; x_wconf 72' lang='lat' dir='ltr'>historiae</span> <span class='ocrx_word' id='word_1_232' title='bbox 917 2697 1112 2779; x_wconf 84' lang='lat' dir='ltr'>priori</span> <span class='ocrx_word' id='word_1_233' title='bbox 1139 2710 1353 2761; x_wconf 86' lang='lat' dir='ltr'>nostro</span> <span class='ocrx_word' id='word_1_234' title='bbox 1375 2697 1687 2759; x_wconf 83' lang='lat' dir='ltr'>Glossario</span> <span class='ocrx_word' id='word_1_235' title='bbox 1719 2697 2008 2759; x_wconf 85' lang='lat' dir='ltr'>indicatis</span> <span class='ocrx_word' id='word_1_236' title='bbox 2028 2700 2513 2779; x_wconf 77' lang='grc' dir='ltr'><strong><em>Μαιμακτηριῶ-</em></strong></span> 
     </span>
     <span class='ocr_line' id='line_1_27' title="bbox 250 2783 2510 2867; baseline -0.004 -19"><span class='ocrx_word' id='word_1_237' title='bbox 250 2809 336 2848; x_wconf 77' lang='grc' dir='ltr'>να</span> <span class='ocrx_word' id='word_1_238' title='bbox 367 2784 611 2845; x_wconf 86' lang='lat' dir='ltr'>lunium</span> <span class='ocrx_word' id='word_1_239' title='bbox 643 2785 776 2845; x_wconf 86' lang='lat' dir='ltr'>dici.</span> <span class='ocrx_word' id='word_1_240' title='bbox 870 2796 1168 2867; x_wconf 81' lang='lat' dir='ltr'>repugnat</span> <span class='ocrx_word' id='word_1_241' title='bbox 1209 2787 1529 2847; x_wconf 80' lang='lat' dir='ltr'>manifeste</span> <span class='ocrx_word' id='word_1_242' title='bbox 1560 2783 1877 2847; x_wconf 74' lang='lat' dir='ltr'>character</span> <span class='ocrx_word' id='word_1_243' title='bbox 1914 2785 2113 2849; x_wconf 80' lang='lat' dir='ltr'>seriae.</span> <span class='ocrx_word' id='word_1_244' title='bbox 2202 2803 2341 2842; x_wconf 88' lang='lat' dir='ltr'>nam</span> <span class='ocrx_word' id='word_1_245' title='bbox 2367 2803 2510 2841; x_wconf 82' lang='lat' dir='ltr'>cer-</span> 
     </span>
     <span class='ocr_line' id='line_1_28' title="bbox 244 2866 2505 2954; baseline -0.003 -22"><span class='ocrx_word' id='word_1_246' title='bbox 244 2871 556 2932; x_wconf 79' lang='lat' dir='ltr'>tissimum</span> <span class='ocrx_word' id='word_1_247' title='bbox 588 2881 681 2931; x_wconf 87' lang='lat' dir='ltr'>est</span> <span class='ocrx_word' id='word_1_248' title='bbox 703 2892 932 2933; x_wconf 81' lang='lat' dir='ltr'>annum</span> <span class='ocrx_word' id='word_1_249' title='bbox 961 2894 1082 2954; x_wconf 88' lang='lat' dir='ltr'>quo</span> <span class='ocrx_word' id='word_1_250' title='bbox 1122 2872 1227 2935; x_wconf 87' lang='lat' dir='ltr'>hic</span> <span class='ocrx_word' id='word_1_251' title='bbox 1270 2881 1516 2934; x_wconf 82' lang='lat' dir='ltr'>narrata</span> <span class='ocrx_word' id='word_1_252' title='bbox 1554 2874 1680 2952; x_wconf 85' lang='lat' dir='ltr'>geri</span> <span class='ocrx_word' id='word_1_253' title='bbox 1722 2872 2011 2953; x_wconf 86' lang='lat' dir='ltr'>contigit,</span> <span class='ocrx_word' id='word_1_254' title='bbox 2053 2870 2241 2931; x_wconf 77' lang='lat' dir='ltr'>fuisse</span> <span class='ocrx_word' id='word_1_255' title='bbox 2277 2866 2505 2927; x_wconf 75' lang='lat' dir='ltr'>Christi</span> 
     </span>
     <span class='ocr_line' id='line_1_29' title="bbox 254 2954 2502 3040; baseline -0.004 -18"><span class='ocrx_word' id='word_1_256' title='bbox 254 2960 452 3030; x_wconf 78' lang='lat'><strong>1304,</strong></span> <span class='ocrx_word' id='word_1_257' title='bbox 484 2957 587 3037; x_wconf 90' lang='lat' dir='ltr'>qui</span> <span class='ocrx_word' id='word_1_258' title='bbox 618 2958 751 3017; x_wconf 84' lang='lat' dir='ltr'>sine</span> <span class='ocrx_word' id='word_1_259' title='bbox 778 2959 904 3018; x_wconf 84' lang='lat' dir='ltr'>ulla</span> <span class='ocrx_word' id='word_1_260' title='bbox 936 2961 1355 3022; x_wconf 85' lang='lat' dir='ltr'>controversia</span> <span class='ocrx_word' id='word_1_261' title='bbox 1395 2957 1640 3040; x_wconf 80' lang='lat' dir='ltr'>cyclum</span> <span class='ocrx_word' id='word_1_262' title='bbox 1670 2960 1819 3020; x_wconf 89' lang='lat' dir='ltr'>solis</span> <span class='ocrx_word' id='word_1_263' title='bbox 1854 2955 2198 3020; x_wconf 81' lang='lat' dir='ltr'>numeravit</span> <span class='ocrx_word' id='word_1_264' title='bbox 2226 2958 2329 3022; x_wconf 79' lang='lat'>25.</span> <span class='ocrx_word' id='word_1_265' title='bbox 2354 2954 2502 3036; x_wconf 78' lang='lat' dir='ltr'>quia</span> 
     </span>
     <span class='ocr_line' id='line_1_30' title="bbox 250 3043 2501 3128; baseline -0 -27"><span class='ocrx_word' id='word_1_266' title='bbox 250 3063 408 3103; x_wconf 79' lang='lat' dir='ltr'>vero</span> <span class='ocrx_word' id='word_1_267' title='bbox 432 3043 763 3104; x_wconf 74' lang='lat' dir='ltr'>bissextilis</span> <span class='ocrx_word' id='word_1_268' title='bbox 791 3046 944 3122; x_wconf 74' lang='lat' dir='ltr'>tuit,</span> <span class='ocrx_word' id='word_1_269' title='bbox 990 3046 1297 3128; x_wconf 79' lang='lat' dir='ltr'>duplicem</span> <span class='ocrx_word' id='word_1_270' title='bbox 1332 3043 1550 3106; x_wconf 82' lang='lat' dir='ltr'>habuit</span> <span class='ocrx_word' id='word_1_271' title='bbox 1581 3044 1846 3108; x_wconf 87' lang='lat' dir='ltr'>indicem</span> <span class='ocrx_word' id='word_1_272' title='bbox 1871 3043 2210 3106; x_wconf 84' lang='lat' dir='ltr'>dominicae</span> <span class='ocrx_word' id='word_1_273' title='bbox 2237 3043 2501 3116; x_wconf 80' lang='lat' dir='ltr'>literam,</span> 
     </span>
     <span class='ocr_line' id='line_1_31' title="bbox 251 3127 2501 3214; baseline -0 -23"><span class='ocrx_word' id='word_1_274' title='bbox 251 3131 306 3191; x_wconf 74' lang='lat' dir='ltr'>E.</span> <span class='ocrx_word' id='word_1_275' title='bbox 344 3140 406 3190; x_wconf 84' lang='lat' dir='ltr'>ct</span> <span class='ocrx_word' id='word_1_276' title='bbox 454 3131 523 3207; x_wconf 85' lang='lat' dir='ltr'>l),</span> <span class='ocrx_word' id='word_1_277' title='bbox 564 3151 820 3211; x_wconf 80' lang='lat' dir='ltr'>quarum</span> <span class='ocrx_word' id='word_1_278' title='bbox 855 3133 1030 3212; x_wconf 87' lang='lat' dir='ltr'>prior</span> <span class='ocrx_word' id='word_1_279' title='bbox 1059 3153 1244 3214; x_wconf 86' lang='lat' dir='ltr'>usque</span> <span class='ocrx_word' id='word_1_280' title='bbox 1275 3132 1355 3193; x_wconf 84' lang='lat' dir='ltr'>ad</span> <span class='ocrx_word' id='word_1_281' title='bbox 1380 3134 1469 3199; x_wconf 78' lang='lat'>28</span> <span class='ocrx_word' id='word_1_282' title='bbox 1499 3132 1817 3195; x_wconf 77' lang='lat' dir='ltr'>Februarii</span> <span class='ocrx_word' id='word_1_283' title='bbox 1854 3132 2036 3208; x_wconf 85' lang='lat' dir='ltr'>diem,</span> <span class='ocrx_word' id='word_1_284' title='bbox 2077 3129 2320 3210; x_wconf 84' lang='lat' dir='ltr'>reliquo</span> <span class='ocrx_word' id='word_1_285' title='bbox 2351 3127 2501 3190; x_wconf 84' lang='lat' dir='ltr'>indo</span> 
     </span>
     <span class='ocr_line' id='line_1_32' title="bbox 247 3214 2497 3299; baseline -0.001 -21"><span class='ocrx_word' id='word_1_286' title='bbox 247 3228 530 3299; x_wconf 80' lang='lat' dir='ltr'>tempore</span> <span class='ocrx_word' id='word_1_287' title='bbox 553 3219 855 3299; x_wconf 75' lang='lat' dir='ltr'>posterior</span> <span class='ocrx_word' id='word_1_288' title='bbox 883 3220 945 3278; x_wconf 89' lang='lat' dir='ltr'>in</span> <span class='ocrx_word' id='word_1_289' title='bbox 979 3239 1096 3280; x_wconf 88' lang='lat' dir='ltr'>usu</span> <span class='ocrx_word' id='word_1_290' title='bbox 1123 3220 1261 3282; x_wconf 82' lang='lat' dir='ltr'>suit.</span> <span class='ocrx_word' id='word_1_291' title='bbox 1344 3239 1549 3280; x_wconf 83' lang='lat' dir='ltr'>mense</span> <span class='ocrx_word' id='word_1_292' title='bbox 1576 3220 1768 3299; x_wconf 87' lang='lat' dir='ltr'>igitur</span> <span class='ocrx_word' id='word_1_293' title='bbox 1796 3217 1991 3296; x_wconf 83' lang='lat' dir='ltr'>lunio,</span> <span class='ocrx_word' id='word_1_294' title='bbox 2030 3216 2086 3277; x_wconf 87' lang='lat' dir='ltr'>si</span> <span class='ocrx_word' id='word_1_295' title='bbox 2117 3216 2246 3277; x_wconf 88' lang='lat' dir='ltr'>eius</span> <span class='ocrx_word' id='word_1_296' title='bbox 2274 3214 2497 3276; x_wconf 86' lang='lat' dir='ltr'>memi-</span> 
     </span>
     <span class='ocr_line' id='line_1_33' title="bbox 247 3303 2497 3386; baseline -0.001 -20"><span class='ocrx_word' id='word_1_297' title='bbox 247 3306 449 3366; x_wconf 82' lang='lat' dir='ltr'>nisset</span> <span class='ocrx_word' id='word_1_298' title='bbox 473 3303 597 3366; x_wconf 85' lang='lat' dir='ltr'>hoc</span> <span class='ocrx_word' id='word_1_299' title='bbox 624 3305 764 3365; x_wconf 89' lang='lat' dir='ltr'>loco</span> <span class='ocrx_word' id='word_1_300' title='bbox 798 3303 1214 3385; x_wconf 80' lang='lat' dir='ltr'>Pachymeres,</span> <span class='ocrx_word' id='word_1_301' title='bbox 1254 3315 1568 3386; x_wconf 86' lang='lat' dir='ltr'>oporteret</span> <span class='ocrx_word' id='word_1_302' title='bbox 1594 3308 1661 3368; x_wconf 92' lang='lat' dir='ltr'>in</span> <span class='ocrx_word' id='word_1_303' title='bbox 1693 3305 2058 3368; x_wconf 71' lang='lat' dir='ltr'>Kalendario</span> <span class='ocrx_word' id='word_1_304' title='bbox 2087 3303 2166 3365; x_wconf 87' lang='lat' dir='ltr'>sd</span> <span class='ocrx_word' id='word_1_305' title='bbox 2199 3304 2361 3365; x_wconf 85' lang='lat' dir='ltr'>latus</span> <span class='ocrx_word' id='word_1_306' title='bbox 2388 3304 2497 3364; x_wconf 79' lang='lat' dir='ltr'>vi-</span> 
     </span>
     <span class='ocr_line' id='line_1_34' title="bbox 247 3391 2495 3475; baseline -0 -23"><span class='ocrx_word' id='word_1_307' title='bbox 247 3393 516 3473; x_wconf 81' lang='lat' dir='ltr'>gesimae</span> <span class='ocrx_word' id='word_1_308' title='bbox 562 3392 796 3475; x_wconf 83' lang='lat' dir='ltr'>primae</span> <span class='ocrx_word' id='word_1_309' title='bbox 841 3392 961 3452; x_wconf 88' lang='lat' dir='ltr'>diei</span> <span class='ocrx_word' id='word_1_310' title='bbox 997 3392 1240 3454; x_wconf 75' lang='lat' dir='ltr'>liter-m</span> <span class='ocrx_word' id='word_1_311' title='bbox 1281 3393 1332 3454; x_wconf 79' lang='lat' dir='ltr'>B</span> <span class='ocrx_word' id='word_1_312' title='bbox 1373 3393 1640 3455; x_wconf 86' lang='lat' dir='ltr'>indicem</span> <span class='ocrx_word' id='word_1_313' title='bbox 1679 3404 1883 3457; x_wconf 77' lang='lat' dir='ltr'>sextae</span> <span class='ocrx_word' id='word_1_314' title='bbox 1905 3391 2122 3467; x_wconf 77' lang='lat' dir='ltr'>feriae,</span> <span class='ocrx_word' id='word_1_315' title='bbox 2169 3391 2414 3472; x_wconf 84' lang='lat' dir='ltr'>quando</span> <span class='ocrx_word' id='word_1_316' title='bbox 2443 3392 2495 3451; x_wconf 88' lang='lat' dir='ltr'>l)</span> 
     </span>
     <span class='ocr_line' id='line_1_35' title="bbox 247 3478 2499 3649; baseline 0.001 -24"><span class='ocrx_word' id='word_1_317' title='bbox 247 3480 1102 3645; x_wconf 53' lang='lat' dir='ltr'>fszssrffffl</span> <span class='ocrx_word' id='word_1_318' title='bbox 1133 3500 1437 3628; x_wconf 56' lang='lat'>‘23:15222</span> <span class='ocrx_word' id='word_1_319' title='bbox 1464 3478 2499 3649; x_wconf 59' lang='lat' dir='ltr'>3332„322‘?35.?J„?·232255„2322</span> 
     </span>
     <span class='ocr_line' id='line_1_36' title="bbox 248 3651 2499 3736; baseline 0 -26"><span class='ocrx_word' id='word_1_320' title='bbox 248 3651 519 3732; x_wconf 86' lang='lat' dir='ltr'>primam</span> <span class='ocrx_word' id='word_1_321' title='bbox 551 3653 716 3713; x_wconf 85' lang='lat' dir='ltr'>lunii</span> <span class='ocrx_word' id='word_1_322' title='bbox 742 3654 901 3715; x_wconf 87' lang='lat' dir='ltr'>diem</span> <span class='ocrx_word' id='word_1_323' title='bbox 929 3654 1203 3736; x_wconf 86' lang='lat' dir='ltr'>insignit.</span> <span class='ocrx_word' id='word_1_324' title='bbox 1290 3675 1418 3714; x_wconf 90' lang='lat' dir='ltr'>non</span> <span class='ocrx_word' id='word_1_325' title='bbox 1442 3655 1628 3735; x_wconf 82' lang='lat' dir='ltr'>igitur</span> <span class='ocrx_word' id='word_1_326' title='bbox 1654 3657 1731 3718; x_wconf 85' lang='lat' dir='ltr'>de</span> <span class='ocrx_word' id='word_1_327' title='bbox 1758 3655 1941 3716; x_wconf 88' lang='lat' dir='ltr'>Iunio</span> <span class='ocrx_word' id='word_1_328' title='bbox 1966 3653 2074 3716; x_wconf 84' lang='lat' dir='ltr'>hic</span> <span class='ocrx_word' id='word_1_329' title='bbox 2106 3673 2332 3716; x_wconf 88' lang='lat' dir='ltr'>sermo.</span> <span class='ocrx_word' id='word_1_330' title='bbox 2390 3651 2499 3711; x_wconf 81' lang='lat' dir='ltr'>vi-</span> 
     </span>
     <span class='ocr_line' id='line_1_37' title="bbox 249 3734 2500 3825; baseline -0 -26"><span class='ocrx_word' id='word_1_331' title='bbox 249 3738 349 3799; x_wconf 83' lang='lat' dir='ltr'>dit</span> <span class='ocrx_word' id='word_1_332' title='bbox 395 3734 518 3797; x_wconf 86' lang='lat' dir='ltr'>hoc</span> <span class='ocrx_word' id='word_1_333' title='bbox 561 3741 832 3821; x_wconf 88' lang='lat' dir='ltr'>quisquis</span> <span class='ocrx_word' id='word_1_334' title='bbox 870 3753 962 3804; x_wconf 88' lang='lat' dir='ltr'>est</span> <span class='ocrx_word' id='word_1_335' title='bbox 996 3752 1208 3804; x_wconf 86' lang='lat' dir='ltr'>auctor</span> <span class='ocrx_word' id='word_1_336' title='bbox 1226 3740 1664 3825; x_wconf 81' lang='lat' dir='ltr'>paraphraseos</span> <span class='ocrx_word' id='word_1_337' title='bbox 1698 3742 2044 3803; x_wconf 80' lang='lat' dir='ltr'>vaticanae.</span> <span class='ocrx_word' id='word_1_338' title='bbox 2128 3759 2272 3801; x_wconf 81' lang='lat' dir='ltr'>nam</span> <span class='ocrx_word' id='word_1_339' title='bbox 2303 3738 2356 3798; x_wconf 88' lang='lat' dir='ltr'>is</span> <span class='ocrx_word' id='word_1_340' title='bbox 2379 3735 2500 3798; x_wconf 76' lang='lat' dir='ltr'>etsi</span> 
     </span>
     <span class='ocr_line' id='line_1_38' title="bbox 249 3823 2495 3913; baseline -0 -29"><span class='ocrx_word' id='word_1_341' title='bbox 249 3823 403 3884; x_wconf 81' lang='lat' dir='ltr'>alibi</span> <span class='ocrx_word' id='word_1_342' title='bbox 440 3844 679 3906; x_wconf 88' lang='lat' dir='ltr'>semper</span> <span class='ocrx_word' id='word_1_343' title='bbox 720 3832 1258 3913; x_wconf 74' lang='grc' dir='ltr'>Μαιμακτηριῶνα</span> <span class='ocrx_word' id='word_1_344' title='bbox 1295 3828 1546 3894; x_wconf 89' lang='lat' dir='ltr'>Iunium</span> <span class='ocrx_word' id='word_1_345' title='bbox 1572 3828 1816 3909; x_wconf 83' lang='lat' dir='ltr'>reddit,</span> <span class='ocrx_word' id='word_1_346' title='bbox 1871 3829 1960 3889; x_wconf 89' lang='lat' dir='ltr'>sic</span> <span class='ocrx_word' id='word_1_347' title='bbox 1990 3837 2236 3911; x_wconf 84' lang='lat' dir='ltr'>praeter</span> <span class='ocrx_word' id='word_1_348' title='bbox 2260 3844 2495 3884; x_wconf 86' lang='lat' dir='ltr'>morem</span> 
     </span>
     <span class='ocr_line' id='line_1_39' title="bbox 247 3905 2499 4004; baseline 0 -31"><span class='ocrx_word' id='word_1_349' title='bbox 247 3910 426 3973; x_wconf 81' lang='lat' dir='ltr'>hunc</span> <span class='ocrx_word' id='word_1_350' title='bbox 448 3911 658 3973; x_wconf 88' lang='lat' dir='ltr'>locum</span> <span class='ocrx_word' id='word_1_351' title='bbox 680 3914 1086 3996; x_wconf 76' lang='grc' dir='ltr'><strong><em>παραφρᾶζει.</em></strong></span> <span class='ocrx_word' id='word_1_352' title='bbox 1156 3913 1357 4004; x_wconf 67' lang='grc' dir='ltr'><strong><em>ἡμέρᾳ</em></strong></span> <span class='ocrx_word' id='word_1_353' title='bbox 1381 3914 1494 3999; x_wconf 75' lang='grc' dir='ltr'>μὲν</span> <span class='ocrx_word' id='word_1_354' title='bbox 1514 3909 1633 3983; x_wconf 76' lang='grc' dir='ltr'>οὖν</span> <span class='ocrx_word' id='word_1_355' title='bbox 1664 3920 2024 4003; x_wconf 73' lang='grc' dir='ltr'><strong><em>παρασκευῇ</em></strong></span> <span class='ocrx_word' id='word_1_356' title='bbox 2056 3914 2302 3995; x_wconf 77' lang='grc' dir='ltr'><strong><em>εἰκοστῇ</em></strong></span> <span class='ocrx_word' id='word_1_357' title='bbox 2322 3905 2499 3994; x_wconf 78' lang='grc' dir='ltr'><strong><em>προί-</em></strong></span> 
     </span>
     <span class='ocr_line' id='line_1_40' title="bbox 245 3991 2496 4085; baseline -0.002 -24"><span class='ocrx_word' id='word_1_358' title='bbox 245 4022 326 4085; x_wconf 72' lang='grc' dir='ltr'>τῃ</span> <span class='ocrx_word' id='word_1_359' title='bbox 353 4000 470 4061; x_wconf 78' lang='grc' dir='ltr'>τοῦ</span> <span class='ocrx_word' id='word_1_360' title='bbox 495 3991 747 4065; x_wconf 78' lang='grc' dir='ltr'><strong><em>Ἰουλίου</em></strong></span> <span class='ocrx_word' id='word_1_361' title='bbox 772 3999 960 4082; x_wconf 79' lang='grc' dir='ltr'><strong><em>μηνὸς</em></strong></span> <span class='ocrx_word' id='word_1_362' title='bbox 983 4014 1098 4064; x_wconf 90' lang='lat' dir='ltr'>etc.</span> <span class='ocrx_word' id='word_1_363' title='bbox 1163 4012 1470 4067; x_wconf 86' lang='lat' dir='ltr'>caeterum</span> <span class='ocrx_word' id='word_1_364' title='bbox 1503 4004 1611 4068; x_wconf 83' lang='lat' dir='ltr'>hic</span> <span class='ocrx_word' id='word_1_365' title='bbox 1637 4005 1910 4085; x_wconf 75' lang='lat' dir='ltr'>argutior</span> <span class='ocrx_word' id='word_1_366' title='bbox 1936 4003 2003 4064; x_wconf 88' lang='lat' dir='ltr'>iu</span> <span class='ocrx_word' id='word_1_367' title='bbox 2031 3999 2342 4062; x_wconf 83' lang='lat' dir='ltr'>odoranda</span> <span class='ocrx_word' id='word_1_368' title='bbox 2374 4017 2496 4058; x_wconf 80' lang='lat' dir='ltr'>vo·</span> 
     </span>
     <span class='ocr_line' id='line_1_41' title="bbox 248 4082 2497 4174; baseline -0 -28"><span class='ocrx_word' id='word_1_369' title='bbox 248 4087 342 4146; x_wconf 86' lang='lat' dir='ltr'>cis</span> <span class='ocrx_word' id='word_1_370' title='bbox 376 4082 876 4169; x_wconf 73' lang='grc' dir='ltr'><strong><em>Μαιμακτηριῶν</em></strong></span> <span class='ocrx_word' id='word_1_371' title='bbox 900 4090 1155 4171; x_wconf 81' lang='lat' dir='ltr'>ancipiti</span> <span class='ocrx_word' id='word_1_372' title='bbox 1193 4091 1447 4153; x_wconf 87' lang='lat' dir='ltr'>notione</span> <span class='ocrx_word' id='word_1_373' title='bbox 1486 4113 1669 4174; x_wconf 86' lang='lat' dir='ltr'>quam</span> <span class='ocrx_word' id='word_1_374' title='bbox 1716 4091 1952 4153; x_wconf 80' lang='lat' dir='ltr'>felicior</span> <span class='ocrx_word' id='word_1_375' title='bbox 1989 4088 2054 4149; x_wconf 88' lang='lat' dir='ltr'>in</span> <span class='ocrx_word' id='word_1_376' title='bbox 2083 4107 2206 4147; x_wconf 85' lang='lat' dir='ltr'>una</span> <span class='ocrx_word' id='word_1_377' title='bbox 2247 4105 2390 4146; x_wconf 76' lang='lat' dir='ltr'>vere</span> <span class='ocrx_word' id='word_1_378' title='bbox 2416 4105 2497 4146; x_wconf 82' lang='lat' dir='ltr'>ex</span> 
     </span>
     <span class='ocr_line' id='line_1_42' title="bbox 244 4171 2497 4255; baseline -0 -21"><span class='ocrx_word' id='word_1_379' title='bbox 244 4172 536 4255; x_wconf 85' lang='lat' dir='ltr'>pluribus</span> <span class='ocrx_word' id='word_1_380' title='bbox 576 4172 973 4237; x_wconf 82' lang='lat' dir='ltr'>discernenda</span> <span class='ocrx_word' id='word_1_381' title='bbox 1019 4176 1157 4238; x_wconf 75' lang='lat' dir='ltr'>luit.</span> <span class='ocrx_word' id='word_1_382' title='bbox 1245 4198 1362 4239; x_wconf 86' lang='lat' dir='ltr'>nec</span> <span class='ocrx_word' id='word_1_383' title='bbox 1399 4180 1563 4241; x_wconf 89' lang='lat' dir='ltr'>enim</span> <span class='ocrx_word' id='word_1_384' title='bbox 1600 4180 1759 4241; x_wconf 87' lang='lat' dir='ltr'>Iulio</span> <span class='ocrx_word' id='word_1_385' title='bbox 1802 4176 1993 4239; x_wconf 87' lang='lat' dir='ltr'>mensi</span> <span class='ocrx_word' id='word_1_386' title='bbox 2037 4173 2356 4235; x_wconf 81' lang='lat' dir='ltr'>character</span> <span class='ocrx_word' id='word_1_387' title='bbox 2390 4171 2497 4235; x_wconf 86' lang='lat' dir='ltr'>hic</span> 
     </span>
     <span class='ocr_line' id='line_1_43' title="bbox 249 4260 2499 4348; baseline -0 -27"><span class='ocrx_word' id='word_1_388' title='bbox 249 4263 542 4340; x_wconf 83' lang='lat' dir='ltr'>congruit</span> <span class='ocrx_word' id='word_1_389' title='bbox 577 4271 649 4321; x_wconf 89' lang='lat' dir='ltr'>ut</span> <span class='ocrx_word' id='word_1_390' title='bbox 673 4267 754 4328; x_wconf 84' lang='lat'>21</span> <span class='ocrx_word' id='word_1_391' title='bbox 789 4262 948 4323; x_wconf 87' lang='lat' dir='ltr'>diem</span> <span class='ocrx_word' id='word_1_392' title='bbox 979 4263 1155 4325; x_wconf 89' lang='lat' dir='ltr'>litera</span> <span class='ocrx_word' id='word_1_393' title='bbox 1186 4266 1233 4327; x_wconf 85' lang='lat' dir='ltr'>B</span> <span class='ocrx_word' id='word_1_394' title='bbox 1263 4266 1560 4348; x_wconf 72' lang='lat' dir='ltr'>insignem</span> <span class='ocrx_word' id='word_1_395' title='bbox 1587 4265 1827 4328; x_wconf 78' lang='lat' dir='ltr'>habeat.</span> <span class='ocrx_word' id='word_1_396' title='bbox 1880 4272 2025 4324; x_wconf 79' lang='lat' dir='ltr'>nota</span> <span class='ocrx_word' id='word_1_397' title='bbox 2058 4260 2211 4323; x_wconf 85' lang='lat' dir='ltr'>baec</span> <span class='ocrx_word' id='word_1_398' title='bbox 2238 4261 2499 4344; x_wconf 76' lang='lat' dir='ltr'>propria</span> 
     </span>
     <span class='ocr_line' id='line_1_44' title="bbox 240 4347 2492 4434; baseline 0 -28"><span class='ocrx_word' id='word_1_399' title='bbox 240 4349 485 4410; x_wconf 81' lang='lat' dir='ltr'>sextilis</span> <span class='ocrx_word' id='word_1_400' title='bbox 527 4347 657 4409; x_wconf 83' lang='lat' dir='ltr'>sive</span> <span class='ocrx_word' id='word_1_401' title='bbox 693 4349 953 4429; x_wconf 75' lang='lat' dir='ltr'>Augusti</span> <span class='ocrx_word' id='word_1_402' title='bbox 992 4353 1217 4414; x_wconf 86' lang='lat' dir='ltr'>mensis</span> <span class='ocrx_word' id='word_1_403' title='bbox 1259 4363 1385 4433; x_wconf 85' lang='lat' dir='ltr'>est,</span> <span class='ocrx_word' id='word_1_404' title='bbox 1443 4363 1503 4415; x_wconf 88' lang='lat' dir='ltr'>et</span> <span class='ocrx_word' id='word_1_405' title='bbox 1562 4353 1809 4434; x_wconf 82' lang='lat' dir='ltr'>quidem</span> <span class='ocrx_word' id='word_1_406' title='bbox 1844 4350 2033 4412; x_wconf 81' lang='lat' dir='ltr'>solius</span> <span class='ocrx_word' id='word_1_407' title='bbox 2074 4348 2239 4412; x_wconf 87' lang='lat' dir='ltr'>inter</span> <span class='ocrx_word' id='word_1_408' title='bbox 2275 4368 2492 4410; x_wconf 87' lang='lat' dir='ltr'>omnes</span> 
     </span>
     <span class='ocr_line' id='line_1_45' title="bbox 240 4433 2491 4521; baseline 0 -27"><span class='ocrx_word' id='word_1_409' title='bbox 240 4435 388 4496; x_wconf 71' lang='lat' dir='ltr'>anui</span> <span class='ocrx_word' id='word_1_410' title='bbox 431 4454 688 4498; x_wconf 84' lang='lat' dir='ltr'>menses.</span> <span class='ocrx_word' id='word_1_411' title='bbox 775 4436 942 4500; x_wconf 88' lang='lat' dir='ltr'>unde</span> <span class='ocrx_word' id='word_1_412' title='bbox 998 4459 1126 4501; x_wconf 86' lang='lat' dir='ltr'>non</span> <span class='ocrx_word' id='word_1_413' title='bbox 1170 4440 1438 4506; x_wconf 83' lang='lat' dir='ltr'>videtur·</span> <span class='ocrx_word' id='word_1_414' title='bbox 1468 4439 1869 4505; x_wconf 83' lang='lat' dir='ltr'>dubitsndum</span> <span class='ocrx_word' id='word_1_415' title='bbox 1922 4435 2078 4521; x_wconf 81' lang='lat' dir='ltr'>quin</span> <span class='ocrx_word' id='word_1_416' title='bbox 2118 4455 2300 4520; x_wconf 77' lang='lat' dir='ltr'>quem</span> <span class='ocrx_word' id='word_1_417' title='bbox 2343 4433 2491 4496; x_wconf 81' lang='lat' dir='ltr'>alibi</span> 
     </span>
    </p>
   </div>
  </div>
 </body>
</html>
