3084 4850
799 417 963 490 un.
1002 416 1120 492 111.
1224 413 1976 487 GHRONOLOGIGUS.
2358 416 2512 491 807

253 610 432 653 anno
465 587 746 653 Arabico.
832 584 1055 649 incidit
1095 604 1166 648 es
1189 605 1357 648 mors
1393 583 1462 646 ιιι
1488 592 1853 648 autumnum
1885 582 2031 647 enni
2053 583 2284 648 Christi
2323 590 2514 655 1227.

252 678 442 741 addit
468 673 958 758 Abulpbaregius
997 673 1326 756 imperasse
1351 673 1528 735 illum
1567 672 1815 735 circiter
1839 672 2062 754 viginti
2092 674 2369 756 quinque
2399 695 2514 736 an-

254 766 403 837 nis·
443 764 608 846 quod
634 780 846 824 verum
878 769 1003 837 est,
1052 780 1232 836 cum,
1272 770 1342 822 ut
1381 759 1684 839 vidimus,
1725 759 2028 842 imperare
2051 761 2326 841 coeperit
2346 782 2513 824 anno

248 852 495 912 Christi
534 853 737 926 1202,
777 846 1030 928 Hegirse
1072 808 1232 916 599.’
1305 867 1468 908 anno
1515 846 1663 910 inde
1702 845 1953 927 Hegirae
1985 851 2137 926 626,
2174 846 2348 909 cuius
2378 849 2514 911 Mu·

248 938 509 1000 herram
535 934 773 1016 incepit
799 956 835 995 a
868 935 969 995 die
997 938 1083 1001 80
1125 934 1483 995 Novembris
1514 935 1664 996 anni
1691 933 1919 995 Christi
1975 938 2161 1009 1228,
2187 954 2512 1017 congrega-

251 1025 346 1085 tis
376 1023 635 1085 comitiis
666 1023 986 1083 universae
1012 1021 1206 1102 gentis
1239 1021 1583 1101 Mngulicae
1622 1041 1700 1083 ex
1738 1029 2100 1083 testamento
2139 1020 2513 1102 Gingizchs-

247 1111 367 1174 nis
388 1120 628 1172 creatus
659 1119 752 1171 est
779 1109 1120 1191 imperator
1149 1111 1335 1188 Ogta‘r'
1362 1108 1584 1170 tertius
1638 1108 1767 1170 eius
1806 1107 1976 1170 filius
1995 1151 2015 1186 ,
2059 1108 2167 1190 qui
2199 1128 2347 1190 prae
2367 1129 2511 1171 mo-

250 1198 456 1260 destia
486 1218 599 1281 per
631 1197 760 1258 dies
795 1195 1194 1276 quadraginta
1215 1216 1499 1256 recusans
1517 1241 1535 1272 ,
1593 1195 1763 1277 quod
1790 1215 1935 1258 suos
1960 1203 2214 1278 patruos
2246 1204 2353 1256 eut
2381 1197 2511 1257 fra-

248 1296 391 1346 tres
442 1293 591 1346 netu
634 1285 894 1344 maiores
936 1283 1365 1365 praeferendos
1413 1283 1533 1343 sibi
1579 1282 1843 1360 diceret,
1901 1282 2149 1345 tandem
2192 1302 2499 1344 consensu

250 1372 503 1448 victus,
545 1372 621 1431 ab
653 1370 919 1431 Utacino
952 1378 1177 1452 patruo
1223 1379 1286 1430 et
1317 1371 1515 1450 Iogtu'i’
1547 1371 1736 1432 fratre
1758 1368 1990 1431 maiore
2018 1369 2314 1431 collocari
2344 1390 2409 1430 se
2438 1371 2508 1432 in

248 1458 491 1520 throno
516 1478 731 1541 passus
756 1477 1093 1538 cognomen
1123 1457 1200 1515 ab
1224 1457 1438 1517 iisdem
1466 1456 1826 1539 impositum
1854 1459 2042 1517 Kaan
2071 1461 2322 1539 accepit.
2345 1477 2510 1519 enno

248 1545 518 1626 Hegirae
541 1550 690 1621 627,
721 1545 897 1606 cuius
928 1544 1227 1606 kalendae
1241 1543 1617 1606 Muharrami
1634 1554 1943 1627 occupant
1967 1543 2126 1605 diem
2148 1543 2511 1606 vicesimum

247 1630 619 1697 Novembris
648 1631 871 1693 Iuliani
900 1652 1064 1692 enno
1105 1651 1278 1691 aerae
1304 1630 1532 1694 Christi
1577 1634 1766 1709 1229,
1798 1631 2251 1713 expeditionem
2296 1651 2509 1693 susce-

247 1719 361 1803 pit
386 1739 585 1780 novus
616 1718 950 1799 imperator
978 1717 1418 1798 Megulensium
1459 1719 1629 1777 Kaen
1666 1717 1736 1777 in
1758 1737 1960 1797 regem
2000 1716 2300 1778 Cethaiae.
2389 1720 2509 1778 Ca-

249 1806 429 1867 theis
451 1827 641 1889 porro
669 1804 819 1886 quid
858 1806 1077 1881 fuerit,
1123 1805 1231 1886 qui
1253 1824 1332 1865 ex
1362 1802 1491 1873 boc
1528 1804 1764 1865 discere
1792 1814 2041 1866 auctore
2063 1804 2286 1865 idoneo
2321 1805 2508 1866 malet

250 1914 451 1975 quam
472 1913 507 1953 e
533 1891 868 1971 nugacibus
896 1851 1131 1953 sabellis
1173 1891 1527 1953 institorum
1561 1890 1953 1953 illudentium
1987 1890 2333 1969 credulitati
2358 1893 2511 1951 vul·-

250 1979 358 2061 gi,
399 1999 525 2039 non
549 1979 854 2039 dubitabit
878 1979 1140 2061 amplius
1167 1979 1319 2061 quin
1349 1980 1601 2041 Sinense
1625 1998 1912 2059 regnum,
1953 1978 2178 2039 hodie
2163 1998 2230 2039 ιιι
2263 1979 2510 2060 Europa

251 2066 644 2129 notissimum
696 2066 1193 2146 navigationibus
1232 2068 1664 2128 Lusitanorum
1687 2109 1706 2143 ,
1764 2065 1833 2126 id
1873 2065 2080 2148 ipsum
2118 2086 2189 2128 re
2229 2086 2374 2126 vera
2426 2066 2510 2127 eit.

249 2174 406 2214 cum
452 2174 524 2213 eo
558 2154 724 2234 quod
774 2154 962 2214 Aiton
1004 2154 1340 2232 Armenus,
1393 2153 1622 2217 Paulus
1663 2151 1961 2234 Venetus,
2020 2162 2081 2214 et
2127 2153 2181 2214 si
2243 2153 2349 2232 qui
2396 2153 2507 2216 alii

249 2241 598 2322 scriptores
632 2261 839 2300 rerum
891 2240 1203 2302 interioris
1251 2250 1314 2301 et
1348 2239 1615 2300 maxime
1644 2237 1975 2300 orientalis
2003 2239 2208 2314 Asiae,
2252 2239 2509 2302 nomine

250 2324 476 2387 Chatai'
505 2324 950 2404 significarunt.
1037 2326 1220 2386 docet
1240 2325 1403 2386 enim
1433 2324 1540 2386 hic
1572 2322 2054 2407 Abulpharagius
2082 2326 2293 2384 Allan
2323 2324 2506 2401 Chaa

248 2434 332 2474 en
369 2420 727 2493 tempestate
768 2410 1052 2472 Csthsiae
1093 2431 1301 2493 regem
1341 2411 1408 2472 in
1441 2411 1598 2474 urbe
1638 2431 1742 2473 sus
1784 2410 2076 2494 primaria
2119 2414 2292 2473 Nam
2327 2411 2502 2492 Oine,

249 2501 396 2562 eive
447 2508 520 2560 ιιι
556 2500 744 2577 vulgo
786 2499 889 2558 alii
941 2498 1263 2578 scribunt,
1324 2500 1688 2582 Namquin,
1757 2509 2109 2580 expectasse
2152 2519 2506 2562 successum

250 2585 623 2669 irruptionis
652 2585 834 2646 buius
860 2587 1243 2666 Tartaricae,
1289 2587 1472 2649 misso
1506 2588 1586 2648 ad
1614 2587 1907 2648 arcendos
1933 2587 2161 2647 finibus
2189 2586 2506 2666 Megulen-

249 2695 356 2737 ees
381 2683 627 2736 centum
653 2673 914 2733 millium
948 2674 1415 2736 fortissimorum
1443 2674 1713 2737 militum
1738 2674 2028 2739 exercitu.
2110 2673 2217 2735 sed
2248 2673 2361 2734 has
2390 2696 2505 2735 co-

250 2762 393 2846 pies
422 2782 458 2820 a
504 2764 743 2835 Keane,
790 2761 1310 2823 numerosissimas
1361 2783 1471 2844 per
1514 2783 1580 2823 se
1602 2762 1894 2824 ductante
1931 2760 2373 2841 Mogulensium
2406 2763 2504 2822 le-

249 2850 508 2952 giones,
548 2848 975 2909 cruentzssimo
1017 2848 1210 2910 fuisse
1251 2850 1486 2931 praelio
1530 2849 1789 2927 deletas,
1845 2849 1962 2910 alia
2010 2849 2191 2929 longe
2223 2869 2499 2931 speranti,

251 2934 745 3019 inopinatissime
781 2935 974 2997 Altun
1021 2934 1194 2997 Chen
1248 2935 1517 3014 audivit,
1578 2936 1719 2997 inde
1764 2935 1919 2998 adeo
1966 2946 2391 2997 consternatus
2428 2946 2503 3000 ut

250 3023 424 3085 filio·
449 3031 512 3082 et
539 3041 771 3083 uxores
803 3023 870 3083 in
899 3042 1014 3085 suo
1049 3043 1250 3084 secum
1276 3022 1507 3105 palatio
1536 3023 1914 3101 incenderit,
1963 3042 2042 3083 ne
2062 3023 2245 3083 vivus
2275 3022 2340 3084 in
2363 3021 2502 3082 Mo·

248 3107 605 3190 galensium
633 3129 851 3172 manus
896 3108 1334 3190 venire13qui
1377 3110 1563 3191 paulo
1592 3119 1733 3193 post
1766 3068 2076 3172 venientes
2107 3119 2169 3168 et
2195 3107 2502 3187 Namqui-

250 3216 414 3258 nnm
443 3204 505 3256 et
528 3203 733 3257 caeter
734 3218 799 3256 as
828 3199 1122 3259 maximas
1152 3195 1438 3258 Catbaiae
1465 3197 1650 3259 urbes
1681 3197 1796 3258 sibi
1822 3195 2229 3260 subiecerunt.
2298 3194 2500 3255 notia-

252 3283 483 3345 simum
523 3303 713 3366 porro
753 3292 843 3344 est
882 3284 1292 3366 Namquinum
1341 3304 1564 3345 nomen
1605 3303 1739 3345 esse
1779 3284 2029 3345 alterius
2073 3281 2247 3343 urbis
2293 3281 2499 3362 regiae

256 3370 507 3453 imperii
543 3373 858 3447 Sinai-um,
917 3392 1099 3452 quam
1125 3381 1261 3432 tum
1310 3370 1496 3432 fuisse
1531 3382 1770 3453 ceptam
1801 3393 1834 3429 a
1865 3370 2136 3430 Tartaris
2166 3368 2362 3430 videri
2389 3372 2496 3429 in-

254 3456 559 3519 credibile
593 3478 719 3518 non
758 3456 967 3537 debet,
1013 3479 1156 3519 cum
1191 3455 1309 3519 hac
1335 3468 1543 3520 nostra
1581 3467 1772 3519 aetate
1806 3456 2061 3518 similem
2087 3456 2498 3539 irruptionem

252 3544 635 3606 Tartaricsm
676 3545 746 3605 in
784 3547 1042 3607 Sinense
1093 3564 1344 3626 regnum
1388 3546 1713 3626 contigisse
1748 3545 2096 3606 certissimis
2123 3544 2359 3606 nuntiis
2387 3565 2498 3604 co-

252 3631 680 3713 gnoverimus3
725 3652 843 3713 qua
882 3633 1066 3693 etiam
1108 3630 1262 3694 haec
1304 3634 1515 3695 eedem
1559 3631 2027 3712 Namquinensis
2061 3631 2280 3693 civitas
2302 3640 2496 3732 capte

253 3728 323 3779 et
350 3727 582 3778 vastata
620 3719 807 3780 fuisse
832 3719 1228 3781 disertissime
1266 3722 1576 3800 traditur,
1631 3721 1890 3800 itemque
1912 3721 2104 3781 altera
2127 3717 2493 3800 Pequinum,

254 3804 370 3865 ubi
406 3803 821 3908 deprehensus
857 3807 1207 3868 sinensium
1237 3825 1349 3868 rex
1394 3829 1520 3870 non
1580 3807 1778 3874 minua
1827 3808 2061 3889 tragico
2117 3826 2301 3888 quem
2339 3818 2491 3868 tunc

252 3891 449 3952 Altun
491 3890 662 3951 Chen
707 3893 879 3955 exitu
920 3894 1401 3976 desperationem
1456 3893 1742 3959 ostendit.
1841 3916 1984 3956 nam
2021 3913 2098 3960 ne
2148 3891 2492 3954 victoribus

253 3976 531 4039 ludibrio
571 3988 766 4059 esset,
811 3981 1008 4044 nubili
1043 3982 1217 4062 prius
1240 3980 1367 4042 filis
1405 3984 1769 4045 obtruncata
1790 4028 1809 4053 .
1852 4001 1983 4044 sese
2008 3981 2140 4063 ipse
2166 3999 2248 4043 ex
2273 3979 2493 4040 arbore

252 4064 613 4146 suspendit,
658 4086 821 4129 anno
850 4067 1082 4129 Christi
1108 4068 1296 4148 1644,
1330 4079 1403 4130 ut
1430 4071 1652 4151 legitur
1675 4068 1741 4128 in
1782 4067 2037 4130 historie
2058 4067 2303 4129 Martini
2325 4065 2491 4127 blar-

254 4151 398 4213 tinii
427 4153 627 4214 nostri
656 4155 828 4217 testie
853 4175 1044 4237 paene
1072 4155 1299 4216 oculati
1326 4156 1445 4218 bac
1478 4158 1554 4218 de
1581 4176 1649 4217 re
1671 4155 1852 4232 edita,
1894 4175 2049 4238 quse
2073 4164 2136 4215 et
2170 4154 2379 4214 eadem
2409 4172 2493 4215 ex

254 4238 391 4301 eius
423 4258 530 4300 ore
559 4249 619 4299 et
650 4240 712 4301 P.
737 4241 1055 4303 Michaelis
1080 4243 1296 4324 Boymi
1324 4245 1468 4306 item
1498 4242 1696 4307 nostri
1713 4286 1733 4321 ,
1787 4243 1893 4304 bic
1925 4245 2150 4306 Romae
2180 4240 2331 4302 dum
2356 4242 2492 4302 vise

255 4326 556 4388 referrent
598 4328 964 4391 audivimus.
1048 4331 1158 4391 sed
1198 4342 1258 4391 et
1286 4332 1597 4393 Cslhsiam
1642 4350 1768 4390 non
1808 4329 1975 4392 aliud
2005 4348 2133 4389 esse
2176 4347 2358 4409 quam
2391 4329 2491 4388 Si-

254 4436 434 4494 nam,
478 4413 698 4475 missus
732 4416 861 4477 Goa
896 4437 996 4479 an.
1028 4416 1257 4479 Christi
1295 4424 1463 4486 1603
1509 4422 1589 4486 16
1629 4418 1890 4483 Ianuarii
1917 4415 2280 4478 Benedictus
2323 4415 2493 4476 Goez

256 4511 468 4565 noster
511 4500 592 4564 ed
625 4500 744 4565 boc
784 4505 989 4587 ipsum
1027 4506 1513 4591 explorandum,
1584 4505 1809 4566 trienni
1851 4501 2338 4589 peregrinatione
2367 4502 2494 4564 cla·
