3084 4850
571 450 664 492 vu
677 453 695 490 ι
1450 435 1524 500 Ρ.
1579 433 1908 502 POSSINI

572 598 1121 684 Dyrrhachiensis,
1164 603 1356 667 modo
1398 602 1729 692 Theolepti
1767 604 2320 694 Philadelphiensis
2357 620 2559 699 partes
2583 623 2765 677 tuen-

574 705 729 768 tium
745 705 779 767 ?
864 705 1003 792 quis
1057 717 1264 770 aestus
1303 705 1762 793 implacabiliter
1800 710 2179 776 rixantium?
2248 734 2434 799 quam
2471 714 2766 779 immedi-

576 810 785 873 cabilis
839 811 1009 873 furor
1071 809 1318 872 obnixis
1374 810 1843 876 irrevocabiliter
1905 812 2123 877 studiis
2169 833 2309 879 sese
2346 828 2559 881 mutuo
2599 819 2766 882 inse-

576 911 916 976 stantium?
1020 913 1190 974 coelo
1248 913 1427 998 ipso,
1486 914 1657 977 cuius
1717 913 1796 978 de
1851 916 2076 981 vestris
2125 920 2552 984 controversiis
2596 919 2766 983 iudi-

574 1017 736 1077 cium
796 1016 909 1077 illo
972 1015 1427 1097 Atramyttiepsi
1485 1029 1787 1083 conventu
1841 1038 1955 1105 per
2005 1017 2312 1103 quandam
2347 1023 2767 1108 superstitiose

573 1120 874 1182 curiosam
916 1120 1363 1203 pyromantiam
1404 1120 1794 1205 exploratum
1852 1121 2138 1202 iveratis,
2206 1124 2396 1209 partis
2454 1124 2766 1210 utriusque

574 1221 811 1307 scriptis
856 1241 1021 1283 sacra
1060 1220 1312 1283 flamma
1354 1222 1845 1302 concremandis,
1896 1225 2228 1288 luculenter
2274 1223 2613 1290 declarante
2654 1247 2765 1291 ae-

572 1345 691 1410 que
740 1322 947 1387 omnia
984 1334 1185 1387 vestra
1232 1325 1650 1387 conventicula
1698 1324 1816 1388 deo
1867 1346 2009 1389 esse
2046 1348 2118 1389 ac
2166 1329 2403 1414 superis
2445 1349 2661 1394 exosa.

773 1423 889 1489 IV.
970 1423 1096 1490 Sed
1130 1427 1345 1487 fmstra
1388 1425 1732 1491 laboramus
1773 1424 2178 1492 admonendis
2218 1431 2300 1494 iis
2338 1443 2495 1516 quoa
2535 1432 2763 1498 volun-

570 1528 717 1592 taria
767 1527 1022 1591 caecitas
1078 1546 1117 1588 a
1170 1526 1437 1591 videndo
1461 1576 1478 1609 ‚
1550 1529 1718 1614 quod
1779 1533 1989 1616 palam
2042 1543 2172 1610 est,
2234 1533 2540 1620 prohibet.
2641 1555 2763 1598 nos

568 1631 777 1718 potius
848 1631 1011 1692 hunc
1063 1632 1323 1693 fructum
1384 1651 1467 1693 ex
1526 1632 1710 1696 huius
1763 1633 2052 1697 historiae
2105 1634 2366 1700 lectione
2409 1638 2761 1715 reseramus,

569 1745 640 1795 ut
706 1755 830 1795 non
900 1730 1293 1795 dubitandum
1337 1746 1621 1819 putemus
1688 1736 1950 1823 amplius
2014 1736 2161 1822 quin
2232 1735 2312 1800 ad
2384 1736 2762 1825 puniendum

572 1837 945 1900 Graecorum
987 1836 1054 1898 in
1083 1835 1339 1899 Oriente
1377 1839 2104 1923 imperantium-schisma
2147 1851 2493 1921 contumax,
2534 1839 2762 1920 dogma

569 1941 930 2025 reprobum,
979 1936 1129 2002 deus
1175 1938 1650 2004 Ottomanorum
1695 1942 2034 2028 potentiam
2076 1943 2450 2009 excitaverit.
2552 1944 2761 2007 statim

570 2047 701 2105 scre
751 2054 931 2128 atque
983 2040 1356 2106 Andronicus
1395 2042 1792 2125 Palaeologus
1842 2045 2048 2108 senior
2094 2067 2348 2131 compos
2402 2045 2594 2110 factus
2635 2045 2758 2108 im-

569 2145 725 2232 perii
777 2147 941 2210 vires
996 2132 1128 2208 eius
1183 2147 1479 2211 convertit
1523 2146 1834 2209 universas
1902 2146 1985 2209 ad
2036 2146 2513 2211 labefactandam
2569 2148 2759 2211 extir-

572 2248 950 2334 pandamqne
988 2251 1066 2311 ab
1095 2248 1229 2311 eius
1268 2260 1436 2333 patre
1476 2247 1778 2311 Michae'le
1816 2249 2037 2312 initam
2077 2271 2218 2313 cum
2245 2251 2573 2338 apostolica
2611 2248 2759 2313 sede

569 2351 986 2432 concordiam,
1037 2360 1358 2438 eruperunt
1402 2372 1437 2415 e
1474 2350 1725 2415 Perside
1764 2353 1834 2415 in
1881 2351 2251 2417 Christianas
2290 2365 2477 2417 terras
2527 2354 2758 2415 tumul-

571 2455 794 2517 tuariae
850 2457 1150 2517 latronum
1205 2476 1444 2520 manus.
1547 2457 1763 2519 barum
1812 2455 1941 2519 dux
2007 2457 2221 2535 unius,
2304 2478 2490 2542 quem
2547 2467 2759 2519 noster

564 2559 892 2619 Atmancm
945 2568 1158 2635 vocat,
1243 2559 1379 2622 aliis
1448 2558 1817 2624 Ottomanes
1881 2559 2266 2637 nominatus,
2345 2581 2428 2622 ex
2496 2561 2756 2622 obscuro

565 2671 780 2740 egente
837 2661 1079 2722 infirmo
1144 2659 1535 2724 inclarescere
1602 2660 1779 2722 ditari
1841 2662 2214 2725 corroborari
2270 2660 2560 2746 paulatim
2629 2680 2756 2722 non

565 2763 773 2839 desiit,
819 2761 1016 2847 quoad
1061 2761 1307 2838 multis,
1346 2773 1527 2846 prout
1584 2760 1994 2842 Pachymeres
2048 2763 2314 2849 sparsim
2356 2763 2457 2826 bic
2508 2783 2757 2824 memo-

562 2877 684 2944 rat,
736 2877 944 2928 auctus
984 2865 1389 2942 successibus,
1440 2862 1679 2949 praedis
1733 2865 2160 2950 locupletatus,
2217 2865 2451 2930 arcibus
2507 2863 2758 2927 urbibus

562 2968 894 3054 provinciis
948 2988 1095 3031 suae
1148 2966 1366 3030 ditioni
1436 2965 1726 3046 subditis,
1803 2965 2032 3030 Prusae
2084 2966 2365 3047 tandem,
2432 2987 2618 3053 quam
2686 2966 2754 3027 in

563 3069 852 3150 Bithynia
923 3081 1350 3156 occupaverat,
1402 3092 1656 3151 regnum
1695 3070 1985 3148 instituit,
2050 3070 2200 3164 circa
2244 3070 2467 3135 Christi
2521 3088 2754 3132 annum

561 3172 962 3235 millesimum
1015 3172 1536 3251 trecentesimum,
1589 3171 1918 3236 Andronici
1969 3173 2158 3236 nostri
2200 3174 2380 3237 huius
2427 3173 2493 3235 in
2547 3174 2753 3258 impe-

563 3275 655 3338 rio
711 3273 1291 3337 duodevicesimam.
1395 3272 1720 3336 Ottomani
1755 3276 1859 3358 qui
1903 3275 2148 3354 triginta
2185 3275 2416 3339 circiter
2457 3285 2599 3359 post
2637 3293 2754 3334 an-

562 3379 660 3439 nis
717 3378 1004 3440 successit
1054 3377 1119 3438 in
1173 3397 1361 3459 regno
1416 3376 1703 3438 morienti
1769 3376 1931 3439 filius
1994 3360 2343 3454 Orchanes,
2407 3386 2576 3461 capta
2635 3373 2753 3436 Ni-

564 3500 707 3542 caea
794 3481 978 3542 altera
1045 3479 1210 3560 regia
1281 3477 1762 3559 Byzantinorum
1830 3478 2263 3558 Augustorum,
2328 3474 2753 3541 Nicomediam

566 3594 881 3668 praeterea
923 3582 1300 3668 reliquasque
1336 3593 1555 3645 tractus
1613 3581 1744 3644 eius
1798 3581 2072 3644 civitates
2117 3582 2396 3663 inclytas,
2435 3589 2563 3641 tum
2605 3576 2753 3660 My-

566 3684 725 3748 siam
778 3685 1149 3766 Lycaoniam
1184 3683 1517 3765 Phrygiam
1565 3681 1804 3747 Cariam
1857 3695 2216 3769 cunctasque
2261 3681 2336 3746 ad
2380 3683 2752 3767 Hellespon-

562 3799 694 3850 tum
746 3801 809 3851 et
854 3788 1159 3851 Euxinum
1203 3789 1513 3869 regiones,
1565 3784 1850 3849 Romano
1906 3797 2143 3871 ereptas
2197 3808 2312 3850 suo
2366 3782 2584 3848 adiecit
2630 3785 2755 3846 im·-
2837 3823 2852 3870 }

559 3890 751 3977 perio.
854 3892 1023 3954 cuius
1064 3891 1251 3952 etiam
1291 3890 1485 3954 adhuc
1518 3890 1823 3970 regnantis
1865 3890 2150 3976 auspiciis
2191 3887 2539 3953 Solimancs
2566 3886 2755 3963 filius,

557 4005 701 4055 ante
755 4005 991 4079 patrem
1052 3991 1273 4055 deinde
1339 4004 1615 4055 mortuus
1643 4038 1663 4071 ,
1711 3992 1775 4056 in
1837 3990 2163 4055 Thraciam
2217 3991 2522 4054 traiiciens
2565 3988 2753 4052 Otto-

556 4095 815 4158 manicis
883 4098 1115 4181 primus
1169 4095 1480 4182 Europam
1535 4095 1723 4159 armis
1777 4093 2086 4160 delibavit.
2187 4093 2275 4157 sic
2329 4103 2567 4174 gestum
2623 4089 2755 4153 Or-

557 4199 782 4260 cbanes
839 4201 1015 4263 annis
1069 4197 1306 4262 duobus
1351 4209 1414 4261 et
1454 4197 1674 4279 viginti
1716 4198 2120 4284 principatum
2171 4196 2504 4260 transmisit
2555 4191 2750 4254 Amu-
2836 4266 2856 4289 q

558 4303 669 4361 rati
730 4322 803 4364 cx
865 4321 933 4363 se
992 4301 1231 4382 genito,
1283 4300 1607 4386 superstiti·
1639 4302 1881 4378 relicto,
1930 4301 2034 4385 qui
2072 4297 2353 4385 callipoli
2407 4293 2752 4359 Hadriano-

557 4404 686 4488 poli
742 4416 803 4466 et
852 4404 1133 4469 subiectis
1181 4403 1312 4468 urbi
1370 4403 1603 4489 utrique
1665 4402 2011 4485 regionibus
2065 4400 2412 4466 Romanam
2467 4395 2753 4460 minuens
