3084 4850
1084 395 1245 466 un.
1284 393 1377 465 11.
1485 394 1808 463 NOTAE.
2424 396 2573 469 763

305 586 576 629 manum
618 585 768 628 vero
804 565 991 646 stirpe
1029 561 1241 639 fuisse,
1282 560 1478 624 filium
1507 560 1759 624 Ricardi
1788 560 1973 623 Flori.
2059 561 2226 625 unde
2270 574 2335 624 et
2377 563 2576 646 ipsum

305 652 627 717 Eone-ula
652 653 900 712 Florum
929 649 1336 730 cognominat.

504 760 565 801 v.
591 742 691 805 10.
733 735 1106 798 Plau-endas
1150 738 1398 802 Limes.
1485 733 1591 794 hic
1622 753 1770 795 vero
1804 734 2046 795 nomine
2077 733 2279 797 dictus
2306 746 2398 798 est
2421 737 2579 798 Fer-

304 826 559 890 raudus
586 825 908 904 Ximenes,
949 824 1042 885 uti
1080 843 1191 884 nos
1231 822 1410 883 docet
1429 822 1649 883 Petrus
1682 816 1740 880 d’
1744 821 1928 882 Oultr
1929 841 2176 884 emanus
2199 824 2357 884 libro
2387 823 2575 886 modo

304 913 596 988 laudato,
640 920 949 973 auctorem
975 911 1171 971 citans
1199 908 1592 984 Moncadam,
1633 907 1740 987 qui
1765 919 1827 970 et
1849 908 2032 989 paulo
2066 910 2348 987 inferius,
2391 931 2443 976 c.
2472 910 2576 988 14,

306 998 647 1061 memorati
678 1018 714 1057 a
735 996 1103 1079 Pachymere
1130 995 1428 1058 Ferrandi
1461 1015 1495 1056 e
1522 996 1740 1076 Cyzico
1767 1013 2035 1057 recessus
2069 996 2360 1058 meminit.

499 1105 564 1167 p.
600 1083 730 1153 894
761 1107 830 1146 v.
863 1087 924 1150 8.
983 1082 1371 1146 Theuderico.
1426 1082 1626 1162 agitur
1653 1081 1755 1142 hie
1781 1082 1909 1143 sine
1938 1082 2126 1143 dubio
2160 1083 2235 1144 de
2264 1083 2577 1146 Friderico

302 1171 660 1253 Angenio,
702 1171 875 1233 cuius
907 1180 983 1233 ut
1005 1179 1214 1233 noster
1249 1169 1514 1232 balbutit
1539 1169 1608 1231 in
1640 1171 1915 1247 nomine,
1958 1170 2045 1230 ita
2072 1170 2135 1230 in
2159 1190 2372 1251 genere
2395 1191 2576 1252 pere-

303 1258 624 1341 grinatur.
684 1267 818 1321 erat
847 1258 1005 1319 enim
1028 1268 1202 1339 gente
1228 1257 1553 1338 Hispanus,
1582 1276 1708 1317 nou
1739 1258 2111 1337 Germana„
2151 1268 2215 1319 et
2240 1279 2364 1318 non
2396 1258 2578 1322 man-

305 1344 485 1409 fi-edi
505 1363 714 1427 nepos,
756 1344 867 1406 aed
893 1345 1056 1407 Petri
1085 1345 1242 1427 regis
1270 1343 1604 1422 Aragoniae
1632 1342 1813 1410 filius.

496 1450 559 1493 v.
600 1433 706 1500 16.
745 1434 1145 1494 anterinam
1180 1431 1485 1492 connubio
1509 1430 1637 1489 sibi
1659 1433 1889 1506 junxit.
1949 1429 2196 1511 quando
2226 1429 2572 1492 Fridericua

307 1539 465 1582 cum
489 1512 706 1580 carolo
742 1538 882 1600 rege
910 1518 1185 1602 Neapolis
1226 1538 1434 1600 pacem
1476 1516 1624 1578 secit
1654 1535 1906 1596 eamque
1948 1518 2241 1578 affinitate
2281 1518 2568 1620 firmavit,

309 1626 485 1668 anno
514 1603 742 1666 Christi
778 1609 973 1682 1802,
1022 1626 1143 1686 qua
1190 1604 1268 1666 de
1312 1625 1382 1666 re
1424 1602 1546 1664 hoc
1583 1603 1723 1665 loco
1762 1604 1991 1684 agitur,
2034 1604 2380 1666 Fridericus
2422 1604 2569 1686 ipse,

306 1714 451 1755 non
475 1694 603 1754 eius
624 1693 838 1768 frater,
867 1691 1048 1754 duxit
1073 1711 1330 1753 uxorem
1355 1711 1479 1753 non
1512 1690 1893 1752 Ecaterinam
1920 1691 2028 1751 sed
2056 1692 2416 1753 Eleonoram
2446 1693 2566 1751 Ca-

306 1779 442 1842 roli
475 1779 696 1854 filiam,
734 1789 923 1861 prout
954 1798 1033 1840 ex
1061 1778 1325 1839 eiusdem
1358 1777 1650 1839 Friderici
1678 1778 1933 1859 publicis
1972 1778 2164 1839 literis
2203 1778 2361 1839 datis
2398 1780 2563 1859 apud

304 1869 602 1928 (teatrum
625 1866 868 1926 Novum
899 1885 1060 1927 anno
1081 1864 1227 1928 Chr.
1258 1871 1456 1942 1302,
1498 1864 1717 1926 mensis
1741 1865 1997 1945 Augusti
2020 1865 2118 1925 ‹lie
2152 1870 2252 1944 19,
2295 1865 2371 1924 ab
2395 1865 2565 1926 Ode-

305 1954 451 2017 rico
481 1952 801 2034 Raynaldo
836 1952 906 2013 in
949 1971 1023 2013 eo
1065 1951 1286 2014 Annali
1322 1952 1639 2033 descriptis
1685 1962 1943 2014 constat.
2030 1953 2138 2013 sed
2180 1952 2422 2014 videtur
2451 1953 2566 2012 Pa-

308 2040 635 2121 chymera·
670 2039 736 2101 in
774 2037 894 2100 hoc
932 2039 1178 2101 errandi
1211 2040 1581 2102 occasionem
1627 2041 1947 2121 sumpsisse
1991 2059 2070 2101 ex
2106 2060 2178 2101 eo
2211 2040 2377 2119 quod
2405 2061 2566 2100 anno

305 2127 465 2189 chr.
497 2129 660 2194 1295
698 2135 1031 2188 tractatum
1066 2128 1267 2188 fuerat
1312 2126 1686 2188 connubium
1714 2126 2009 2187 Friderici
2049 2126 2232 2188 huius
2273 2148 2410 2188 cum
2452 2129 2567 2186 Ca-

300 2213 578 2293 therina,
604 2231 684 2273 ex
711 2213 835 2273 filia
863 2214 1017 2294 regis
1045 2212 1244 2274 Caroli
1270 2213 1648 2293 Neapolitani
1680 2222 1741 2274 et
1773 2212 2093 2288 Balduino,
2124 2214 2232 2292 qui
2264 2216 2566 2273 Constan-

305 2300 793 2381 tinopolitanum
830 2299 1150 2378 imperium
1184 2300 1498 2374 amiserat,
1540 2307 1702 2358 nata.
1788 2297 1854 2357 id
1891 2300 2345 2360 matrimonium
2372 2297 2563 2359 veho-

305 2396 555 2450 menter
596 2385 850 2466 urgebat
882 2386 1223 2446 Bonisacius
1255 2385 1392 2447 VIII
1424 2386 1601 2449 Rom.
1643 2392 1848 2465 pont„
1892 2385 2065 2468 cuius
2102 2385 2309 2468 plures
2346 2383 2423 2446 de
2457 2386 2563 2446 illo

306 2481 677 2554 argumento
710 2472 913 2533 literas
940 2472 1157 2533 recitat
1183 2472 1484 2533 Odoricus
1514 2471 1594 2532 ad
1626 2472 1800 2533 illum
1831 2492 2081 2534 annum.
2166 2494 2290 2534 non
2326 2493 2566 2534 succes—

308 2562 400 2622 sit
432 2569 638 2620 tamen
684 2559 1017 2639 negotium,
1075 2568 1137 2620 et
1172 2558 1274 2620 illa
1302 2558 1627 2620 catherina
1660 2558 1879 2620 deinde
1921 2560 2129 2642 nupsit
2169 2561 2385 2621 Carolo
2415 2560 2565 2621 Phi-

308 2648 469 2730 lippi
496 2646 650 2728 regis
673 2647 1049 2708 Francorum
1072 2646 1269 2726 fratri,
1312 2668 1473 2709 anno
1500 2644 1652 2707 chr:
1673 2651 1858 2713 1801.
1945 2647 2112 2729 quod
2141 2647 2339 2728 ipsum
2370 2648 2567 2709 alieno

308 2736 476 2813 loco,
517 2743 707 2817 prout
736 2735 933 2795 obiter
974 2734 1285 2813 audierat,
1331 2735 1498 2796 visus
1533 2743 1627 2795 est
1653 2754 2122 2796 commemorare
2149 2733 2566 2815 Pachymeres,

308 2843 537 2907 parum
578 2821 900 2883 attendens
934 2822 1272 2903 pertineret
1310 2821 1378 2882 itl
1433 2841 1623 2883 necne
1664 2823 1743 2882 ad
1792 2843 1923 2884 rem
1960 2823 2035 2883 ‹le
2068 2842 2187 2903 qua
2225 2842 2391 2882 nunc
2428 2822 2565 2901 agit,

312 2910 401 2970 ad
436 2929 643 2990 pacem
672 2908 955 2969 videlicet
982 2910 1144 2970 inter
1171 2908 1452 2970 Carolum
1479 2929 1678 2989 regem
1704 2909 2164 2992 Neapolitanum
2190 2918 2253 2968 et
2286 2908 2564 2968 Frideri-

312 3016 459 3057 cum
486 2995 775 3055 sancitam
804 3016 964 3056 anuo
987 2996 1213 3057 Christi
1257 3000 1442 3073 1302,
1493 3016 1632 3057 cum
1655 2996 1778 3056 iam
1802 3018 1961 3058 anno
1990 2995 2284 3077 supen‘ori
2312 2995 2564 3055 Carolus

310 3085 506 3146 frater
545 3083 698 3162 regis
736 3083 1022 3143 Franciae
1048 3090 1331 3143 evocatus
1358 3082 1420 3142 in
1445 3082 1682 3143 Italiam
1722 3104 1758 3143 a
1793 3084 2111 3166 pontifice,
2155 3092 2229 3142 ut
2260 3082 2473 3141 Carolo
2507 3082 2562 3142 ll

307 3169 444 3250 regi
469 3168 748 3250 Neapolis
777 3170 1069 3232 adversus
1099 3168 1477 3231 fridericum
1509 3170 1767 3231 Siciliam
1800 3179 2196 3252 occupantem
2230 3169 2561 3229 auxiliare—

310 3269 455 3336 tur,
497 3256 858 3318 conciliante
899 3256 1031 3337 ipso
1076 3255 1385 3316 Bonifacio
1428 3258 1878 3319 matrimonium
1921 3258 2149 3318 iniisset
2192 3277 2331 3317 cum
2375 3256 2559 3316 modo

309 3353 648 3408 memorata
676 3342 1032 3420 catherina,
1075 3342 1378 3423 imputato
1405 3343 1470 3405 in
1498 3344 1706 3406 dotem
1736 3344 1971 3426 imperii
1996 3342 2556 3425 Constantinopoli-
2591 3353 2632 3404 P
2672 3355 2776 3405 ῡ-ιυ

318 3433 449 3494 ami
483 3433 692 3508 titulo,
737 3432 817 3492 ad
843 3430 1008 3511 quod
1040 3429 1362 3490 Catherina
1391 3430 1489 3492 ius
1525 3452 1559 3491 e
1586 3442 1759 3513 patre
1788 3430 2086 3493 trahebat.
2172 3441 2384 3493 narrat
2409 3429 2559 3491 hacc

311 3521 569 3582 loannes
594 3519 884 3581 Villanius
911 3518 952 3577 l.
982 3520 1024 3583 9
1050 3537 1105 3579 c.
1140 3516 1281 3583 105.
1362 3516 1607 3580 Iordani
1633 3529 1973 3600 temporum
2001 3520 2243 3580 illorum
2268 3518 2561 3598 historici,

316 3607 491 3666 cuius
519 3626 673 3685 opus
703 3627 795 3667 ms
822 3613 1100 3664 servatur
1130 3603 1195 3664 in
1224 3602 1588 3667 bibliotheca
1616 3608 1905 3669 Vaticana
1940 3628 2002 3668 n.
2022 3612 2212 3685 1960,
2256 3607 2331 3666 de
2355 3604 2473 3665 hac
2494 3625 2563 3666 re

311 3692 504 3753 verba
538 3691 689 3752 haec
728 3693 950 3753 recitat
995 3689 1477 3792 diligentissimus
1510 3695 1814 3755 odoricus
1841 3695 2196 3775 Raynaldus
2228 3714 2387 3753 anno
2417 3690 2563 3753 Chr.

314 3783 481 3845 1301
525 3799 587 3838 n·
637 3779 747 3846 16·
817 3790 1068 3838 mortua
1129 3780 1386 3861 coniuge
1449 3781 1666 3841 Caroli
1727 3781 1972 3858 (fratris
2026 3782 2178 3862 regis
2226 3781 2563 3860 Franciae)

310 3863 501 3925 duxit
535 3864 984 3941 Catharinam,
1037 3867 1144 3924 cui
1179 3867 1284 3923 ius
1324 3867 1571 3949 imperii
1612 3865 2286 3949 Constantinopolitani
2312 3864 2450 3925 debe
2448 3866 2564 3925 ’.ὸιι

309 3962 435 4012 tur.
524 3948 660 4010 ideo
708 3972 853 4010 cum
892 3953 1138 4013 Venetis
1182 3958 1530 4032 composuit
1555 3977 1678 4037 pro
1721 3953 2409 4034 Constantinopolitano
2451 3956 2565 4012 im

300 4042 483 4121 perio
511 4036 962 4119 recuperando,
1008 4049 1063 4097 et
1092 4042 1256 4099 ‚enit
1288 4041 1556 4101 Romam
1586 4041 1888 4121 MCCCI,
1934 4053 1990 4100 et
2022 4064 2063 4100 α
2081 4062 2261 4121 papa
2291 4042 2567 4120 Bom‘fii·

310 4131 408 4186 civ
446 4126 778 4206 honorifice
809 4137 1127 4204 susceptus
1156 4147 1194 4184 ι
1197 4129 1429 4188 icariae
1461 4140 1519 4188 et
1546 4128 1828 4208 deffensor
1852 4130 2134 4187 eccleciae
2161 4131 2568 4188 constituitur

309 4225 426 4276 etc.
515 4212 660 4273 satis
698 4232 886 4293 pono
925 4212 1242 4272 verisimile
1280 4224 1369 4274 est
1400 4216 1686 4276 Carolum
1722 4215 1932 4291 istum,
1977 4215 2152 4274 simul
2183 4214 2564 4277 Catlnerinam

311 4301 516 4379 dimit,
546 4301 867 4379 sumpsisse
890 4298 1140 4359 titulum
1165 4298 1547 4379 imperatoris
1576 4301 2247 4380 Constantinopolitani,
2279 4302 2566 4365 collatum

311 4388 423 4470 ipsi
466 4411 499 4447 a
549 4387 839 4469 pontifice
874 4404 1159 4445 coronam
1193 4387 1562 4469 imperialem
1608 4388 1658 4447 ei
1699 4388 2019 4450 tribuente.
2107 4390 2172 4447 iu
2219 4390 2423 4450 saltem
2460 4392 2561 4450 in-

310 4496 499 4539 uuere
533 4473 827 4538 videntur
854 4470 957 4534 illa
988 4471 1272 4535 continue
1309 4476 1627 4537 subiuncta
1668 4476 1864 4536 nostri
1902 4474 2119 4536 verba:
2169 4499 2347 4557 quem
2383 4499 2562 4557 papa
