3084 4850
773 341 938 414 ΗΒ.
980 340 1099 414 111.
1177 340 1926 413 CHRONOLOGICUS.
2316 342 2466 416 831

216 510 553 594 penderet,
618 511 994 592 occupandis
1041 519 1105 573 et
1154 509 1533 571 validissimo
1586 510 1889 593 praeaidio
1927 509 2244 591 tenendia,
2303 510 2470 574 aicut

213 598 413 659 modo
457 618 594 658 eum
640 597 904 658 vidimus
941 597 1004 656 in
1044 596 1364 657 Belocoma
1415 598 1665 675 fecisse,
1719 600 1783 659 in
1824 619 1944 681 qua
1993 599 2196 659 clave·
2242 599 2474 662 Prusae

214 684 484 766 reperit3
550 684 644 745 uti
683 693 743 744 et
785 684 1066 744 Nicaeam
1107 682 1218 744 sihi
1261 684 1604 764 subiugasae
1653 684 1825 745 viana
1869 694 1960 745 eat
2010 695 2192 766 capta
2232 696 2292 746 et
2338 688 2470 748 suia

208 771 588 832 firmissimis
649 771 842 851 copiia
877 770 1132 833 *insessa
1187 771 1525 831 Tricoccia.
1643 792 1761 851 qua
1837 770 1915 832 de
1982 792 2051 833 re
2113 770 2286 833 iuvat
2343 796 2470 833 no-

210 867 419 918 atrum
459 855 562 918 hic
592 857 1025 940 Pachymerem
1069 858 1281 918 audire
1322 879 1382 939 p.
1409 862 1538 925 637
1563 877 1626 921 v.
1660 862 1740 926 18
1782 856 2151 920 acribentem
2193 859 2259 919 in
2297 858 2469 921 hunc

206 945 507 1006 modum:
563 947 735 1005 circa
799 946 1102 1005 Nicaeam
1149 946 1317 1012 malo
1371 966 1521 1004 eane
1569 946 1715 1029 ⁸Ioco
1771 967 1870 1006 rea
1922 956 2127 1018 erant,
2193 947 2469 1007 Almana

211 1044 450 1091 cuncta
488 1031 627 1090 illic
667 1044 885 1114 agente
903 1032 1277 1114 firmaque.
1363 1052 1436 1092 ac
1475 1032 1663 1114 paulo
1706 1042 1882 1115 poet:
1927 1036 2141 1114 itaque
2171 1034 2469 1114 inflatum

211 1123 557 1177 exercitum
594 1150 684 1165 —
725 1119 1141 1197 animabus,
1178 1121 1419 1179 Atman
1449 1117 1734 1181 credidit.
1819 1118 2114 1181 hactenus
2139 1118 2469 1201 Pachyme-

210 1225 350 1276 rea,
394 1226 473 1264 ex
516 1204 688 1266 cuiue
735 1204 971 1287 triplici
1020 1207 1205 1267 modo
1251 1216 1581 1268 memorata
1628 1207 1981 1268 narratione
2014 1226 2221 1268 rerum
2252 1206 2326 1267 ab
2359 1208 2467 1267 At-

208 1311 428 1370 mane,
473 1291 551 1350 ad
596 1292 1013 1353 Nicomediam
1054 1294 1223 1353 victo
1262 1291 1611 1369 Muzalone,
1654 1292 1734 1353 ad
1773 1294 2030 1355 Pruaam
2073 1302 2252 1375 capta
2281 1293 2469 1355 Belo-

214 1399 433 1454 coma,
491 1377 570 1437 ad
610 1379 891 1440 Nicaeam
947 1389 1288 1468 expugnata
1328 1341 1651 1449 Tricoccia
1684 1388 2026 1457 gestarum,
2073 1379 2467 1441 manifeatum
2589 1445 2594 1450 ,

213 1473 310 1524 eat
348 1426 637 1525 heibuiaae
661 1465 892 1527 illum
874 1486 941 1525 m
970 1475 1270 1565 potestate
1302 1467 1651 1527 nniversam
1683 1466 2062 1547 Bithyniam,
2104 1467 2303 1527 tribua
2345 1467 2468 1527 illia

210 1550 532 1633 primariis
561 1552 688 1614 eiua
719 1551 1079 1634 provinciae
1118 1553 1403 1631 urbibus,
1448 1554 1559 1613 etai
1593 1574 1718 1613 non
1757 1554 1936 1634 plene
1970 1553 2302 1655 poaaeaaia,
2346 1554 2471 1614 aal-

210 1647 344 1699 tem
376 1637 650 1718 undique
679 1637 1105 1717 circumdatio,
1150 1648 1210 1700 et
1241 1638 1403 1699 lenta
1436 1639 1527 1699 sic
1555 1638 1871 1701 ohaidione
1898 1661 2040 1700 cum
2065 1640 2310 1701 interim
2349 1660 2466 1721 pro

211 1724 405 1786 libito
442 1724 816 1786 macerandis
859 1735 921 1786 et
959 1726 1216 1805 pecunia
1258 1725 1630 1803 multandis,
1673 1736 1803 1787 tum
1842 1725 2108 1808 denique
2135 1728 2471 1788 certissime

213 1810 536 1874 trahendis
584 1810 698 1873 ouh
736 1811 1079 1874 ahsolutum
1126 1813 1551 1892 integrumque
1596 1812 1955 1875 dominium.
2045 1814 2108 1874 id
2152 1814 2319 1895 quod
2342 1835 2470 1874 non

212 1897 344 1980 ipai
374 1897 618 1978 quidem
651 1897 870 1979 obtigit
895 1900 1160 1962 Atmani.
1249 1920 1466 1962 verum
1493 1901 1663 1962 illius
1693 1899 1907 1963 haerea
1941 1911 2002 1963 et
2027 1900 2193 1961 filius
2223 1899 2471 1961 Ureba-

213 2004 362 2062 nea,
410 2005 590 2066 quem
622 1986 1077 2047 Cantacuzenua
1110 1988 1157 2051 l.
1187 1991 1229 2054 3
1256 2008 1308 2053 c.
1345 1991 1425 2065 9,
1468 1998 1693 2048 etatum
1718 1988 1784 2049 in
1810 2009 1931 2070 quo
1963 2009 2099 2049 eum
2131 1997 2304 2069 pater
2329 2009 2471 2049 mo-

212 2072 389 2134 riens
436 2074 800 2156 reliquerat,
844 2074 1194 2153 exprimena
1240 2085 1592 2154 satrapam'
1616 2073 1947 2136 orientalia
1998 2073 2320 2154 Bithyniae
2363 2094 2473 2155 ap-

214 2159 452 2243 pellat,
492 2159 669 2221 brevi
704 2181 769 2220 ae
792 2159 1117 2240 Bithyniae
1147 2161 1337 2220 totiua
1381 2159 1722 2240 principem
1756 2159 2024 2220 ostendit
2053 2159 2244 2220 Prusa
2274 2160 2472 2219 Nico-

216 2246 428 2306 media
458 2255 520 2306 et
547 2247 764 2307 Nicaea
792 2246 974 2327 plane
1000 2246 1269 2322 domitia,
1301 2255 1623 2327 postquam
1647 2243 1792 2305 huic
1817 2245 2070 2306 ultimae
2092 2244 2473 2328 periclitanti

216 2330 758 2483 ffisstffzzcssffi
758 2330 1684 2501 ⁰¹¹{2‘122332225‘3ffff233255
1686 2332 1991 2482 ¹222&ss
2010 2331 2474 2482 ‹3325ssssssssss

2507 2422 2698 2479 1²603

217 2506 266 2568 l.
300 2511 345 2574 2
370 2526 423 2565 c.
451 2511 529 2580 7,
571 2505 720 2568 inde
745 2516 1013 2567 secutam
1037 2517 1243 2568 tamen
1273 2507 1531 2569 Nicaeae
1569 2507 1937 2569 deditionem
1969 2529 2186 2591 parum
2216 2509 2479 2571 candide
2558 2521 2572 2538 ¹

218 2592 648 2671 diuimnlnm,
709 2614 892 2673 quam
936 2593 1197 2673 ingenue
1251 2595 1520 2656 fatentur
1552 2595 1848 2673 Gr‘egoras
1881 2595 1924 2660 l.
1959 2598 2000 2661 9
2040 2606 2102 2657 et
2140 2595 2477 2658 Phrantzea

221 2700 277 2741 c.
308 2683 386 2746 11
420 2678 464 2740 l.
493 2688 572 2758 1,
614 2690 686 2739 ut
713 2682 987 2742 omittam
1019 2683 1179 2743 idem
1210 2681 1435 2744 diserte
1467 2681 1839 2743 affirmantea
1863 2682 2094 2743 Arabae
2125 2685 2477 2766 acriptorea,
2530 2717 2533 2720 ·

217 2767 388 2829 inter
418 2786 573 2846 quoa
596 2787 804 2828 omnes
833 2769 1120 2830 convenit
1143 2768 1451 2829 Ianicmid
1473 2779 1535 2830 et
1563 2768 1734 2829 Iznik
1776 2769 1910 2849 (aic
1942 2769 2032 2830 illi
2056 2770 2477 2831 Nicomediam

220 2864 289 2916 et
330 2853 612 2915 Nicaeam
660 2856 1017 2935 nominant)
1061 2856 1139 2915 ab
1187 2855 1471 2917 Urcliane
1512 2855 1834 2916 Othmania
1882 2855 2010 2916 filio
2070 2865 2215 2939 poet
2278 2856 2475 2938 patria

218 2950 487 3010 mortam
546 2952 755 3022 captaa
809 2942 1013 3005 fuisse.
1102 2941 1377 3004 Brusiam
1435 2963 1584 3005 vero
1645 2941 1767 3025 (ita
1818 2943 2071 3005 Pruaam
2112 2942 2476 3025 appellant)

221 3025 480 3108 quidam
521 3026 773 3090 illorum
806 3028 1100 3090 Othmani
1129 3028 1333 3090 adhuc
1365 3030 1631 3103 viventi,
1677 3030 1783 3090 alii
1820 3050 1892 3090 eo
1923 3039 2166 3091 mortuo
2196 3028 2472 3091 Urchani

222 3112 497 3176 deditam
544 3114 737 3178 aiunt.
826 3116 953 3176 fato
1004 3137 1153 3179 vero
1199 3116 1484 3177 functum
1529 3115 1894 3177 Othmanem
1932 3136 2139 3177 omne·
2167 3116 2214 3176 ii
2250 3136 2472 3195 magno

223 3220 534 3263 conaenm
557 3201 813 3263 tradunt
843 3224 1004 3265 anno
1025 3201 1280 3283 Hegirae
1306 3207 1452 3278 726,
1501 3204 1675 3264 cuine
1707 3205 1823 3265 fuit
1848 3203 2095 3264 initium
2120 3202 2251 3264 dies
2277 3207 2321 3270 8
2350 3205 2470 3264 De-

221 3288 493 3350 oembria
531 3290 676 3350 anni
721 3287 947 3351 Christi
990 3292 1195 3367 1325,
1237 3289 1389 3351 adeo
1429 3300 1501 3352 ut
1547 3312 1714 3353 mora
1758 3289 2080 3351 Othmania
2125 3291 2196 3351 in
2239 3311 2472 3353 annum

221 3373 461 3438 Christi
489 3378 654 3444 1326
682 3375 967 3439 videatur
988 3375 1345 3443 differenda.

402 3512 532 3577 vn.
616 3512 927 3576 Hactenua
971 3513 1152 3575 dictia
1193 3512 1376 3575 liceat
1431 3512 1585 3576 mihi
1643 3533 1753 3597 per
1803 3512 2133 3596 benignum
2179 3516 2474 3579 lectorem

222 3599 556 3662 mantiaaae
585 3600 725 3662 loco
760 3622 1065 3685 apponere
1098 3601 1643 3663 considerationem
1684 3601 1951 3662 duorum
1996 3614 2276 3664 veterum
2327 3625 2475 3666 ora-

228 3686 551 3766 culorum,
609 3708 765 3768 quae
819 3709 933 3771 per
983 3686 1135 3749 haec
1189 3687 1371 3749 suisne
1418 3698 1654 3771 pati-ata
1696 3688 1936 3749 eventia
1990 3709 2120 3750 non
2166 3690 2478 3753 immerito

224 3774 399 3836 credi
434 3783 675 3856 potest3
716 3775 783 3836 id
812 3776 979 3857 quod
1020 3796 1092 3837 eo
1133 3774 1337 3836 minua
1366 3778 1633 3837 alienum
1664 3775 1738 3835 ah
1772 3774 1893 3836 hoc
1929 3777 2067 3837 loco
2095 3778 2252 3838 forte
2278 3779 2482 3851 fuerit,

226 3861 404 3961 qpod
439 3882 648 3923 eorum
688 3862 950 3924 alterum
997 3872 1088 3923 eat
1130 3862 1507 3943 implicatum
1549 3884 1688 3923 cum
1722 3863 2062 3926 rationibus
2090 3862 2482 3944 chronologi-

228 3946 324 4008 cis
362 3948 760 4028 qm’huadam,
804 3970 1087 4011 numeros
1122 3969 1154 4008 a
1194 3949 1371 4010 nohis
1397 3949 1503 4011 hic
1529 3950 1864 4013 auhductoa
1895 3960 2064 4012 recto
2090 3950 2327 4033 positoa
2357 3953 2482 4012 cal·

228 4033 379 4096 culo
417 4035 891 4098 adstruentibua
979 4035 1200 4098 recitat
1225 4037 1513 4119 antiquus
1541 4037 1808 4120 scriptor
1837 4037 2144 4115 Zoaimua,
2188 4036 2484 4100 historia-

227 4140 374 4183 rum
401 4120 449 4186 l.
469 4128 552 4202 2,
592 4121 965 4205 Erythraeae
993 4125 1097 4186 vel
1123 4123 1472 4206 Epinoticae
1502 4125 1768 4208 Sibyllae
1799 4125 1921 4187 hoc
1954 4084 2353 4189 vaticinium:

570 4237 651 4325 δή
692 4238 829 4309 τότε
872 4248 1171 4309 Βιθυνῶν
1213 4252 1396 4332 γαῖαν
1436 4240 1617 4311 λυκοι
1660 4241 1984 4352 οἰκήσουσι

570 4325 775 4438 Ζηνὸς
814 4326 1325 4439 ἔπιφροσυναισι·
1368 4329 1518 4415 ταχυ
1564 4326 1630 4398 δ’
1675 4327 2032 4440 ἐπιβήσεται
2075 4326 2234 4421 ἆρχη

569 4410 908 4504 «indebant,
955 4421 1020 4487 οἳ
1060 4414 1371 4499 Βυζαντος
1414 4419 1560 4501 ἕδος
1599 4415 2100 4487 autumantium
