3084 4850
403 4193 506 4253 550

537 367 693 444 764
1143 370 1627 442 OBSERVAT.
1680 374 2168 447 mentm.

536 555 846 598 coronam
874 536 1299 618 hapa-atam
1330 539 1465 599 eine
1490 549 1698 619 ter-m,
1741 545 2069 603 commovit
2097 542 2204 603 illa·
2232 563 2406 625 spem
2442 543 2828 607 Commi·

534 624 824 707 nopoleos
856 621 1347 704 recuperandae,
1390 647 1463 686 ex
1504 629 1643 687 ita-e
1679 626 1852 708 quod
1887 631 2124 690 scilicet
2161 630 2440 692 &alteret
2486 652 2531 691 a
2575 654 2828 713 apaan

534 722 709 792 nepte
736 710 889 789 (imo
916 706 1070 791 mia)
1097 709 1438 776 Balduini.
1502 712 1656 793 quid
1676 712 1781 775 hie
1805 714 2048 778 ‹lioetm-
2075 719 2424 797 imperator
2445 721 2590 779 eine
2619 731 2822 795 ten-a,

533 798 677 860 vide
719 798 1146 881 explicatum
1127 819 1192 858 ιιι
1230 797 1536 859 Glaesaria
1572 800 1765 862 verbo
1807 800 1972 885 τέρα.
2070 823 2289 866 verum
2349 803 2511 867 haec
2557 816 2824 882 αιιιαιι,

532 895 609 947 ιιι
632 885 783 962 dixi,
824 884 1135 968 pertinent
1158 884 1239 945 ad
1266 894 1506 985 tempus
1529 886 1807 968 superins
1833 908 1983 968 paee
2010 889 2232 967 Sicula,
2275 892 2455 954 cuius
2482 894 2824 954 occasions

531 972 825 1054 Rogerius
850 972 1193 1050 Catelanos,
1237 971 1345 1051 qui
1380 973 1445 1032 in
1474 972 1679 1034 Sicilia
1709 974 2150 1054 militaverant,
2193 977 2443 1040 volente
2473 999 2591 1040 sua
2624 1000 2823 1042 cansa

531 1059 844 1123 Friderieo
882 1059 952 1120 in
981 1058 1295 1120 Orientem
1335 1058 1613 1121 abdun't.
1699 1059 1779 1121 de
1818 1081 1972 1143 quo
1983 1063 2324 1125 audiendus
2365 1065 2656 1128 Fazellua
2699 1067 2742 1129 1.
2775 1072 2824 1135 9

529 1146 661 1209 dac.
694 1155 852 1229 post.
882 1166 947 1226 p.
969 1144 1133 1213 477·
1176 1166 1370 1227 porro
1412 1147 1642 1209 Sicilia
1686 1157 1783 1208 tot
1817 1148 2122 1210 bellorum
2158 1151 2436 1212 motibus
2482 1153 2702 1213 libera
2745 1157 2822 1215 ias

530 1234 811 1295 militum
857 1232 1298 1294 Cumanorum
1334 1232 1847 1315 &agenantiam
1903 1247 1960 1296 et
1997 1237 2351 1298 Siculorum
2413 1243 2706 1321 rapinas
2757 1253 2821 1301 d

533 1317 1044 1404 depraedationes
1079 1317 1323 1381 incidie.
1412 1341 1566 1401 quoa
1601 1320 1996 1401 Ridericue,
2041 1336 2116 1385 ut
2157 1326 2439 1386 insulam
2474 1349 2820 1409 capue-ga-

533 1418 644 1487 ret,
688 1417 905 1468 contra
962 1406 1201 1467 Parcae
1215 1450 1239 1485 ,
1304 1409 1419 1488 qus·
1462 1408 2068 1492 Lbnaetantinopolim
2116 1413 2542 1491 irffeetahant.
2601 1418 2818 1475 auxi-

534 1453 726 1556 liures
760 1495 957 1555 misit.

705 1602 767 1663 Ρ.
797 1580 919 1647 401
958 1598 1024 1644 v.
1049 1581 1156 1646 23.
1240 1577 1428 1656 Quod
1469 1578 1589 1641 hoe
1617 1580 1791 1642 facile
1815 1591 2165 1664 praesentes
2193 1583 2567 1645 crediderint
2599 1594 2666 1646 et
2702 1583 2814 1647 lsi-

535 1668 798 1730 ator-icus
831 1668 913 1728 ita
943 1686 1069 1729 esse
1106 1685 1175 1728 re
1199 1685 1347 1728 vera
1374 1666 1758 1747 iudicaverit,
1801 1689 1929 1730 nou
1958 1669 2254 1731 continuo
2279 1691 2410 1732 rem
2444 1671 2816 1734 evidentem

536 1766 603 1819 et
629 1755 1090 1818 indubitabilem
1117 1753 1338 1835 opinor
1362 1753 1584 1815 reddet
1612 1755 1776 1837 apud
1800 1755 2008 1818 iudicii
2039 1758 2361 1819 severioris
2386 1758 2574 1825 viros.
2648 1780 2818 1821 mu·

536 1854 638 1906 tus
670 1843 772 1905 ille
796 1862 868 1902 ac
890 1840 1112 1905 surdus
1133 1859 1213 1900 ex
1241 1849 1454 1917 utero,
1495 1840 1653 1902 miro
1691 1842 1973 1924 prodigio
2012 1856 2264 1924 repente
2305 1845 2558 1906 audiens
2606 1857 2674 1907 et
2705 1847 2812 1907 lo-

538 1948 762 2011 quens,
801 1927 950 2009 quid
982 1926 1228 1987 tandem
1256 1926 1628 1989 affirmavit?
1671 1948 1887 2011 nempe
1918 1929 1986 1990 id
2022 1930 2222 1991 solum
2248 1931 2419 2010 quod
2455 1931 2647 2012 paulo
2683 1953 2810 1994 su-

536 2016 743 2100 perius
779 2014 1049 2097 positum
1083 2023 1200 2091 est,
1243 2031 1309 2074 se
1345 2013 1571 2074 vidisse
1594 2017 1806 2076 virum
1831 2019 2256 2096 imperatoriis
2296 2029 2594 2077 ornatum
2625 2022 2808 2079 insi-

531 2103 802 2186 gnibus,
846 2104 958 2184 qui
993 2123 1120 2161 sese
1158 2100 1367 2161 aiebat
1407 2102 1621 2182 ipsum
1665 2101 1840 2161 urbis
1877 2102 2008 2162 eibi
2043 2102 2314 2164 tuendae
2349 2125 2568 2164 euram
2605 2128 2810 2169 uasa·-

536 2212 710 2253 mere.
793 2188 1209 2250 nominavitne
1238 2186 1405 2249 hunc
1424 2187 1711 2250 Ioannem
1737 2189 2101 2251 Batatzam'?
2143 2200 2254 2252 aut
2276 2191 2440 2253 visae
2475 2191 2590 2251 sibi
2637 2192 2804 2252 ima-—

533 2279 690 2359 ginis
724 2275 885 2339 illius
918 2277 1173 2337 formam
1209 2274 1323 2336 sibi
1364 2284 1752 2356 conspectam
1782 2278 2037 2337 asseruit
2077 2277 2264 2338 fuisse
2293 2274 2598 2341 similem?
2641 2279 2806 2340 nihil

533 2362 791 2427 horum·
834 2383 976 2424 nam
1000 2360 1396 2444 Pachymeres
1423 2362 1472 2421 ιι
1494 2361 1646 2443 quid
1675 2364 1800 2423 tale
1827 2363 2110 2442 dixisset,
2152 2385 2279 2427 non
2309 2373 2555 2427 taceret.
2644 2366 2804 2429 sun-

535 2452 820 2512 dsmento
849 2451 1033 2531 igitur
1068 2458 1237 2510 caret
1272 2448 1493 2511 idoneo
1521 2447 1676 2511 haec
1702 2469 1858 2531 quae
1896 2452 2265 2533 exprimitur
2287 2451 2408 2514 hoc
2442 2453 2612 2529 loeo,
2660 2465 2802 2516 tum

534 2539 803 2599 istorum
816 2536 1151 2616 Magnesiae
1176 2535 1705 2615 praesidiariorum
1729 2537 2257 2620 tumPachymeris
2287 2531 2559 2620 opinatio
2583 2541 2798 2621 ipsius.

537 2645 679 2687 nam
707 2624 903 2685 forma
930 2622 1048 2683 viri
1072 2621 1401 2702 insignibus
1425 2621 1829 2702 imperatoriis
1853 2626 2053 2685 ornati
2077 2626 2184 2704 qui
2209 2627 2397 2707 magis
2421 2627 2640 2688 Ioanni
2672 2628 2799 2688 Ba-

534 2721 738 2773 tatzae
779 2709 1072 2771 convenit
1101 2728 1285 2789 quam
1314 2706 1638 2769 Theodoro
1669 2709 1797 2770 eius
1824 2709 1952 2770 filio
1986 2711 2340 2792 imperatori
2374 2711 2604 2774 ibidem
2633 2734 2796 2794 quo-

536 2818 657 2879 que
696 2796 1029 2879 Magnesiae
1060 2793 1330 2897 ι’]οριιῐιο
1372 2803 1512 2871 aut,
1554 2795 1606 2854 si
1645 2795 2352 2877 Constantinopolitanos
2393 2798 2795 2879 imperatores

534 2884 820 2947 laudatae
849 2883 1173 2946 memoriae
1208 2891 1272 2942 et
1298 2882 1361 2943 in
1390 2881 1511 2941 fide
1549 2881 1898 2944 orthodoxa
1931 2903 2004 2944 ac
2037 2882 2337 2945 catholica
2365 2888 2794 2947 communione

536 2971 920 3034 indubitatae
982 2969 1355 3032 constantiae
1410 2968 1785 3048 quaerimus,
1853 2989 2035 3051 quam
2093 2972 2500 3033 Constantino
2545 2994 2787 3055 magno,

538 3079 721 3140 quam
750 3058 1054 3120 Martiano
1092 3058 1297 3118 aliisve
1332 3057 1495 3137 paris
1531 3055 1783 3118 meriti?
1825 3078 1970 3118 nam
2005 3058 2295 3120 loannem
2316 3058 2640 3122 Batatzam
2679 3060 2791 3121 etsi

537 3146 764 3207 multae
776 3145 1047 3208 Ὗιιιιιιιι
1074 3144 1606 3220 commendabant,
1647 3152 1854 3205 tamen
1888 3154 2132 3226 praeter
2161 3166 2546 3208 communem
2577 3146 2790 3208 Graeci

537 3232 878 3294 schismatis
905 3240 968 3291 et
1001 3231 1159 3292 circa
1184 3233 1244 3292 8.
1271 3230 1531 3311 Spiritus
1562 3250 1640 3291 ex
1662 3229 1789 3291 filio
1820 3232 2264 3312 processionem
2292 3230 2590 3294 haeretici
2615 3252 2788 3294 erro-

540 3319 628 3381 ris
666 3318 993 3395 invidiam,
1032 3316 1221 3377 libido
1265 3317 1447 3377 etiam
1490 3316 1555 3378 in
1598 3326 1796 3378 aetate
1836 3319 2008 3379 senili
2052 3319 2349 3400 probrosa
2386 3318 2786 3380 deformabat.

541 3405 689 3466 vide
709 3424 1009 3465 summum
1036 3402 1258 3483 alioqui
1285 3404 1414 3464 eius
1437 3402 1865 3465 admiratorem
1897 3405 2308 3485 Acropolitam
2331 3402 2627 3466 historiae
2649 3423 2786 3467 susa

542 3511 605 3551 n.
638 3491 725 3558 52
750 3512 813 3572 p.
839 3492 923 3556 56
948 3489 1043 3550 ed.
1066 3490 1230 3570 neg„
1272 3489 1377 3550 ubi
1398 3508 1536 3550 eum
1562 3489 1842 3551 infamem
1866 3491 2175 3553 amoribus
2200 3511 2342 3552 cum
2365 3492 2627 3552 aliarum
2655 3502 2785 3554 tum

538 3577 905 3639 Marcesinae
945 3574 1254 3637 cuiusdam
1299 3576 1682 3658 pedissequae
1707 3577 1916 3639 Annae
1949 3578 2310 3638 Alemannae
2332 3579 2645 3658 Augustae
2689 3597 2783 3639 se-

539 3665 776 3728 cundae
816 3664 978 3725 illius
1025 3662 1292 3742 coniugis
1320 3664 1564 3726 fatetur.
1650 3674 1883 3742 quanto
1915 3663 2298 3725 verisimilius
2338 3665 2504 3725 credi
2546 3666 2782 3747 potuis-

539 3763 665 3831 set,
709 3751 811 3813 isti
847 3760 1017 3812 muto
1046 3759 1109 3810 et
1139 3750 1328 3812 surdo
1355 3753 1613 3811 sormam
1640 3751 1757 3811 viri
1786 3750 2191 3832 imperatoriis
2218 3752 2423 3811 ornati
2451 3752 2782 3833 insignibus

540 3840 808 3900 oblatam
853 3845 1329 3919 repraesentasse
1384 3840 1446 3898 S.
1491 3834 1916 3917 archangelum
1962 3835 2314 3898 michaelem
2374 3849 2782 3945 protectorem

539 3926 1022 3987 Christianorum
1053 3932 1268 3985 contra
1311 3923 1646 3984 barbaros?
1689 3921 1858 3984 hunc
1883 3925 2096 3986 Graeci
2133 3924 2354 4005 passim
2398 3918 2781 4008 ἐπιστρατη-

532 4007 1022 4161 mppeuam’
1043 4009 1200 4156 quib
1214 4011 1426 4073 titulus
1469 4011 1895 4091 imperatorem
1943 4031 2180 4072 sonans-
2207 4012 2619 4093 imperialibus
2655 4031 2778 4073 non

707 4099 916 4161 nvenit
944 4120 1058 4160 ιιιιι
1098 4119 1159 4158 ιιι
1202 4116 1291 4157 ιιι.

706 4207 768 4268 Ρ
791 4186 920 4253 406
952 4206 1013 4248 v.
1045 4119 1102 4250 18.
1185 4182 1284 4244 Ad
1311 4183 1495 4245 finem
1522 4180 1705 4244 huius
1731 4184 1961 4264 capitis,
2004 4182 2109 4244 ubi
2134 4180 2364 4245 dicitur
2391 4183 2471 4245 de
2489 4180 2774 4245 michaele

536 4270 807 4354 Augusto
845 4272 1080 4334 iuniore
1112 4264 1313 4352 ωσπερ
1345 4293 1436 4345 τις
1463 4274 1872 4353 τροπαιυῦχος
1896 4266 2012 4352 τὴν
2041 4264 2229 4334 πόλιν
2258 4268 2612 4352 εἰσέρχεται,
2653 4286 2774 4328 nen

537 4359 739 4421 tenuit
772 4377 837 4417 se
858 4358 1047 4418 libera
1079 4356 1413 4435 indignatio
1446 4354 1689 4416 lectoris
1721 4357 2054 4438 cuiuspiam
2083 4355 2233 4434 quin
2262 4354 2414 4416 haec
2443 4375 2585 4417 orae
2613 4373 2772 4414 mar·

539 4444 721 4526 ginali
750 4441 930 4511 Bar.b
958 4443 1181 4504 codicis
1204 4441 1508 4502 alliiierett
1550 4464 1957 4524 τροπαιονχος
1987 4440 2024 4510 ὁ
2050 4436 2271 4526 φυγῶν
2306 4436 2453 4518 τούς
2486 4431 2773 4522 ἒχθοῠῦς

3025 996 3028 1103 ἲ

3025 1206 3028 1279 ι

3025 1396 3028 1477 4
