3084 4850
22 1854 27 1885 —·
22 1768 23 1799 ⁴⁴
22 1678 27 1713 —
22 1590 29 1626 —-
22 1504 31 1538 -
22 1416 31 1451 νὴ
21 1328 31 1365 -
21 1152 35 1277 τ-
22 1066 35 1101 -
21 976 33 1014 -
21 888 33 927 -

876 416 1037 487 ΠΒ.
1088 415 1144 486 Ῑ.
1247 411 1813 487 GLOSSARIUM.
2302 415 2454 492 723

398 588 983 668 φυλλοκρινεΐν
1021 605 1086 667 p.
1112 585 1239 654 115
1263 588 1417 653 v.8·
1510 581 1996 669 δφυλλοκρίνουν
2026 576 2300 668 άκριβός
2332 583 2453 669 τήν

215 667 530 757 δξῆγησιν.
575 675 654 734 ito
683 672 1011 761 clarissime
1040 673 1326 754 exprimit
1349 669 1518 733 huuc
1540 672 1744 733 locum
1774 671 1970 733 codex
2001 672 2270 754 optimus
2298 674 2454 735 Bm·-

214 762 490 838 berinus,
525 780 699 840 quem
726 758 873 820 haec
903 759 1089 819 editio
1119 759 1444 840 praecipue
1465 759 1639 841 sequi
1669 757 2018 840 profitetur.
2058 779 2247 840 quare
2271 761 2453 824 aliam

212 848 544 909 lectionem
570 845 858 907 Allatiani
894 845 1325 928 ἐφιλοκρίνουν
1361 866 1477 927 pro
1511 844 1993 929 ἔφυλλοκρίνουν
2027 845 2317 927 legentis,
2364 848 2450 908 si.

212 936 388 995 lente
420 933 769 1016 praesertim
802 932 1134 1010 Vaticano,
1178 931 1286 1014 qui
1322 952 1558 994 comma
1597 932 1768 994 istud
1818 932 2145 1014 prseterit,
2185 932 2454 1015 postha-

213 1020 478 1081 bendam
530 1019 718 1097 duxi,
761 1019 872 1080 etsi
912 1019 1079 1080 ultro
1123 1020 1312 1080 fatear
1353 1019 1481 1080 eius
1531 1018 1969 1101 expeditiorem
2011 1038 2257 1081 sensum
2300 1040 2450 1084 esse.

214 1128 360 1167 nam
399 1111 776 1188 φιλοκρινεῖν
802 1115 1016 1166 notum
1045 1105 1299 1167 verbum
1330 1115 1453 1184 est,
1496 1105 1678 1167 etism
1711 1105 2027 1168 commode
2054 1105 2356 1186 quadrans
2387 1108 2456 1168 in

214 1193 581 1255 sententiam
619 1191 760 1253 loci.
845 1191 951 1252 sed
985 1211 1121 1252 cum
1153 1192 1340 1254 sciam
1372 1190 1800 1273 Pachymerem
1829 1193 1905 1253 ab
1935 1192 2134 1254 obviis
2157 1212 2334 1274 saepe
2359 1213 2457 1254 re-

215 1279 443 1359 fugere,
489 1279 848 1340 obsoletiore
878 1278 1098 1360 cupide
1124 1298 1444 1357 accersere,
1484 1279 1749 1341 arbitror
1776 1279 1955 1340 illum
1981 1299 2122 1341 raro
2152 1278 2452 1340 vocabulo

212 1365 323 1427 hic
368 1366 462 1426 uti
500 1367 780 1426 maluisse
800 1410 818 1441 ,
860 1374 920 1425 et
950 1365 1108 1445 quod
1139 1366 1333 1427 codex
1364 1365 1639 1426 omnium
1668 1365 2188 1427 emendatissimus
2219 1366 2453 1438 suadet,

213 1453 705 1534 ἑφυλλοκρίνουν
741 1453 1057 1534 posuisse,
1100 1463 1171 1513 ut
1212 1452 1512 1514 indicaret
1551 1452 1783 1533 singula
1828 1452 1977 1514 folia
2014 1451 2453 1513 dissertationis

214 1560 251 1599 n
291 1539 492 1599 Vecco
532 1539 793 1620 scriptae
843 1558 1095 1599 excussa
1143 1548 1482 1619 perattente
1506 1536 1898 1600 electoribus
1937 1537 2145 1601 fuisse.
2230 1537 2456 1599 iterum

214 1630 418 1686 utitur
444 1624 562 1686 hoc
591 1626 772 1685 verbo
800 1636 1008 1686 noster
1035 1645 1099 1705 p.
1131 1626 1251 1692 148
1276 1645 1339 1690 v.
1366 1628 1428 1702 7,
1472 1624 1581 1684 ubi
1607 1623 1695 1685 sic
1722 1623 1934 1686 scribit
1956 1624 2034 1685 de
2062 1622 2454 1687 odiosissimis

216 1712 718 1773 criminatoribus
742 1710 982 1771 asseclis
1012 1708 1322 1771 Athanasii
1356 1708 1766 1813 patriarchae:
1814 1709 1921 1775 καὶ
1945 1713 2240 1775 τοσοῦτον
2272 1708 2456 1791 ἐφυλ-

216 1800 556 1880 λοκρίνουν
580 1802 769 1861 ταῦτα
797 1795 903 1860 καὶ
928 1802 1174 1871 ποιναῖς
1208 1796 1557 1874 ἕξεκολαζον
1573 1842 1592 1875 ,
1643 1793 1728 1873 ὥς
1757 1792 1842 1879 μή
1876 1791 2074 1878 μόνον
2102 1792 2249 1872 τοΰς
2273 1791 2453 1861 α’δια-

218 1889 578 1965 φοροῦντας
614 1883 874 1947 δεδιέναι
904 1881 1007 1946 καὶ
1042 1882 1282 1966 τρέμειν
1316 1882 1570 1948 ἐκείνων
1601 1881 1985 1960 ἐπιστασίαν,
2030 1876 2181 1947 ἄλλά
2209 1883 2315 1948 καὶ
2343 1881 2454 1948 τόν

218 1974 534 2036 δοκοῦντα
573 1965 1149 2050 προσεκτικαῖτατον.
1233 1968 1340 2032 hic
1385 1969 1667 2031 similiter
1710 1969 2074 2033 Barbetium
2098 1969 2294 2031 codex
2322 1971 2453 2032 cla·-

214 2058 462 2120 rissime
490 2057 703 2117 scribit
735 2055 1241 2139 ἐφυλλοκρίνουν,
1284 2056 1593 2118 Allatiauo
1625 2055 1689 2118 in
1715 2078 1826 2118 suo
1853 2056 2285 2137 ἐφιλοκρίνουν
2311 2078 2453 2139 per-

215 2155 577 2220 severante,
620 2144 908 2205 Vaticano
950 2154 1149 2204 autem
1191 2143 1279 2204 sic
1315 2143 1521 2205 locum
1559 2143 1968 2222 exprimentes
2007 2141 2112 2206 καὶ
2152 2148 2453 2208 τοσοῦτον

218 2235 420 2295 ταῦτα
476 2226 843 2306 ἐξετάζοντες
898 2226 1242 2306 ἐξεκόλαζον
1296 2224 1466 2293 ὥστε.
1551 2228 1795 2289 videtur
1834 2227 1991 2289 velle
2029 2237 2248 2290 auctor
2289 2238 2455 2291 totos

217 2318 377 2377 istos
421 2317 604 2376 fuisse
647 2318 711 2375 in
747 2316 1014 2376 studiose
1043 2314 1474 2394 cognoscendis
1501 2313 1725 2374 libellis
1759 2312 2168 2391 delationum,
2209 2325 2452 2376 utcum-

221 2423 346 2485 que
397 2401 883 2481 uagum-iarum,
932 2399 1157 2462 chartis
1196 2399 1542 2463 istiusmodi
1590 2400 1826 2462 cunctis
1868 2401 2046 2464 avide
2087 2402 2450 2465 scrutandis.

220 2488 551 2550 confirmat
584 2487 873 2549 hactenus
911 2488 1070 2549 dicta
1109 2499 1170 2549 et
1210 2488 1365 2549 alius
1394 2487 1591 2549 nostri
1620 2488 1793 2550 locus
1820 2509 1882 2570 p.
1914 2490 2042 2555 357
2068 2509 2128 2550 v.
2158 2492 2235 2555 7:
2280 2491 2453 2572 [Saos-

218 2573 369 2652 λειῗς
424 2569 491 2638 δ’
538 2569 701 2657 ’ὅμως
747 2572 908 2650 ἅπας
960 2573 1062 2638 διά
1107 2580 1344 2640 σκοποῦ
1390 2576 1653 2655 θέμενος
1698 2567 1926 2652 αὕτοΰς
1973 2575 2453 2658 προσλαβέσθαι,

221 2656 420 2731 οῦδὲν
455 2661 870 2743 ἒφυλλοκρίνει
905 2660 1059 2745 πρός
1091 2666 1279 2727 ταῦτα
1310 2662 1479 2723 nihil
1499 2664 1762 2724 ninnium
1788 2665 2066 2724 scrutari
2088 2673 2204 2723 aut
2230 2665 2455 2723 curio-

219 2752 366 2810 sius
392 2746 734 2831 disquirere
770 2748 845 2809 de
872 2749 973 2808 lu's
999 2751 1218 2810 voluit.

399 2841 577 2916 χοᾶς
616 2830 1016 2918 θαλάσσης
1055 2857 1119 2919 p.
1144 2840 1271 2903 279
1294 2854 1355 2897 v·
1386 2840 1487 2903 12.
1576 2833 1712 2897 fixit
1756 2833 1904 2895 mihi
1945 2852 2184 2895 crucem
2220 2830 2324 2893 hic
2351 2832 2453 2893 lo-

223 2943 335 2983 cus
368 2921 541 2982 hsud
580 2922 644 2982 in
684 2932 974 3004 promptu
1010 2921 1259 2983 habenti
1298 2922 1447 3004 quid
1480 2920 1582 2983 hic
1625 2932 1823 2984 essent
1870 2927 1977 2981 aut
2015 2939 2302 3000 quorsum
2332 2917 2452 2980 huc

222 3007 501 3069 facerent
520 3011 659 3088 χοαί
684 3029 789 3070 seu
814 3009 1037 3085 verius,
1070 3018 1144 3069 ut
1168 3029 1312 3069 mox
1343 3007 1684 3085 ostendam,
1720 3013 1879 3088 χοεῖς
1908 3000 2246 3086 θαλάσσης.
2302 3005 2455 3087 quid

226 3092 636 3154 divinaveritn
690 3115 1042 3174 proponam.
1127 3094 1370 3157 videtur
1421 3103 1634 3156 auctor
1672 3095 1941 3154 allusisse
1987 3091 2375 3174 proverbium
2418 3110 2453 3152 e

225 3179 418 3240 sacris
451 3189 761 3262 sumptum
795 3180 985 3240 literis
1024 3179 1099 3239 de
1132 3200 1199 3241 re
1228 3202 1405 3260 quam
1439 3181 1573 3263 quis
1614 3180 1877 3262 cuipiam
1908 3177 2152 3240 minime
2178 3177 2452 3240 indicare

226 3267 577 3343 curaverit,
621 3276 692 3327 ut
737 3266 883 3327 deus
922 3265 1267 3330 hominibus
1312 3279 1462 3347 quot
1500 3265 1750 3349 hydrias
1776 3267 1905 3330 sive
1932 3284 2117 3347 aquae
2141 3284 2453 3327 mensuras

228 3354 547 3415 contineat
594 3373 778 3414 mare.
849 3362 985 3413 ante
1040 3355 1241 3413 omnia
1285 3355 1776 3416 constituendum
1818 3362 1908 3415 est
1947 3372 2157 3413 vocem
2201 3355 2350 3434 χοᾶς
2386 3350 2453 3413 in

229 3440 557 3500 accusandi
590 3460 733 3500 casu
766 3439 989 3521 plurali
1021 3433 1353 3521 significare
1383 3450 1606 3503 certam
1633 3460 1970 3502 mensuram
1999 3438 2272 3521 liquoris.
2333 3437 2455 3499 do-

229 3537 327 3585 cet
349 3524 477 3586 hoc
498 3524 845 3587 scholiastes
881 3527 1294 3610 Aristophanis
1325 3527 1403 3589 ad
1437 3528 1609 3589 illum
1640 3528 1770 3589 eius
1805 3533 2018 3610 po'etae
2047 3526 2113 3586 in
2143 3524 2454 3587 comoedia

233 3609 447 3688 Νεφὲλ
494 3635 517 3675 ι
544 3612 703 3673 dicta
730 3613 960 3675 locum:
997 3615 1065 3689 ἓξ
1098 3618 1246 3697 χοᾶς
1273 3609 1626 3698 χωρήσεται.
1713 3615 1817 3675 ubi
1844 3614 1931 3674 sic
1957 3621 2235 3675 annotat:
2277 3606 2456 3692 zotv'c

231 3694 301 3759 dl
332 3695 502 3761 ἔστιν
532 3693 694 3774 εἶδος
728 3698 971 3783 μέτρου,
1019 3692 1069 3763 ὦ
1103 3707 1385 3785 μετροῦσι
1416 3697 1517 3767 τὸν
1552 3695 1750 3765 οἶνον·
1795 3695 1834 3764 ὃ
1861 3698 1965 3763 καὶ
1986 3701 2247 3765 κλίνεται
2268 3694 2456 3780 χοέως

229 3782 504 3864 πηλὲως,
548 3781 632 3861 ὥς
659 3786 761 3850 καὶ
796 3786 865 3852 ἐν
898 3765 1232 3863 Ἱππεῦσιν,
1302 3779 1436 3851 άλλ’
1473 3785 1676 3871 {veyne
1718 3809 1824 3869 μοι
1857 3783 2078 3888 ταχέως
2111 3783 2288 3850 οἴνου
2319 3784 2455 3883 2⁰?-

229 3866 513 3934 ἐνταῦθα
552 3867 619 3933 δὲ
660 3867 728 3936 vd
775 3877 958 3954 χοᾶς,
1032 3873 1087 3937 εί
1121 3871 1678 3955 μὲν”περισπᾶται,
1741 3870 1809 3938 ἔκ
1853 3894 2074 3936 τουτου
2114 3872 2231 3935 τοῦ·
2270 3890 2451 3949 χοενς
2481 3882 2530 3939 Ρ
2564 3885 2616 3939 52

230 3952 359 4022 lon
387 3951 546 4020 κατά
577 3955 901 4040 ποιητικὴν
936 3954 1176 4024 ἄδειαν·
1221 3964 1372 4041 χοῆς
1401 3955 1517 4047 γάρ
1555 3956 1816 4039 ὤφειλεν
1848 3958 2076 4029 εἰπεῖν,
2120 3953 2207 4030 ὥς
2240 3953 2457 4029 ἱππῆς·

230 4042 515 4104 similiter
549 4050 610 4103 et
643 4041 992 4105 Eustathius
1033 4044 1111 4106 ad
1160 4046 1377 4128 Odyss.
1414 4069 1492 4111 α.·
1535 4045 1661 4111 ἐστὶ
1703 4044 1807 4108 καὶ
1846 4042 1883 4109 ὁ
1919 4039 2099 4126 zonis
2133 4038 2351 4124 μέτρον
2377 4064 2453 4104 τι.

230 4128 379 4190 vide
404 4139 468 4190 et
497 4128 671 4188 illum
696 4128 772 4187 ad
798 4129 971 4192 Iliad.
1001 4155 1051 4208 ι,
1094 4133 1170 4192 ad
1198 4132 1371 4195 Iliad.
1393 4158 1469 4204 π,
1520 4142 1583 4192 et
1610 4129 1687 4191 ad
1717 4130 1932 4212 Odyss.
1963 4146 2020 4194 σ.
2106 4124 2252 4187 hinc
2284 4147 2453 4188 sum·

232 4216 427 4297 psisse
453 4213 576 4277 ho'c
605 4214 857 4275 verbum
888 4216 1309 4297 Pachymerem
1339 4229 1426 4280 est
1454 4217 1775 4293 credibile,
1822 4213 2292 4276 versatissimum
2334 4212 2452 4275 ho-

232 4302 463 4364 minem
504 4303 572 4361 in
613 4298 863 4364 scholiis
911 4291 1226 4383 poeni-um
1273 4306 1694 4385 antiquorum,
1740 4301 1828 4363 uti
1863 4300 2040 4361 etiam
2067 4299 2455 4383 peculiariter

233 4385 366 4469 ipse
405 4387 708 4468 significat
733 4408 794 4470 p.
827 4391 955 4457 806
977 4407 1039 4450 v.
1065 4390 1126 4455 6.
1210 4395 1358 4473 χοᾶς
1402 4409 1545 4470 ergo
1586 4386 1772 4473 μέτρα
1805 4386 2129 4448 intellexit.
2211 4388 2457 4449 videtur

235 4485 437 4538 sutem
474 4473 759 4539 habuisse
795 4472 944 4538 haec
982 4475 1250 4539 scribens
1278 4476 1344 4538 in
1374 4477 1578 4538 animo
1602 4475 1737 4537 locs
1764 4473 1873 4535 illa
1900 4492 2204 4536 sam-arum
2247 4474 2458 4536 litera-
