3084 4850
190 497 333 543 Αιιῐ
416 496 651 543 Ιῑιιιιο-
700 496 847 555 ῐιηι.
866 493 959 542 Ro·

200 548 334 595 car.

162 775 358 842 1299

638 331 1823 405 Lm.m.OERON01.0GIGUS.
2298 332 2451 411 849

415 549 662 593 mursa
760 561 884 594 ιιιιι.

428 607 464 643 ιι
452 601 617 645 neum.

413 651 515 698 non
517 654 648 699 isacii
700 655 766 697 An
772 651 950 698 croniet

466 705 592 751 nn.

529 768 572 832 5

708 765 937 887 maggen.

822 906 866 968 6

1118 501 1459 585 Imperator
1491 501 1990 583 Thessalonicae,
2049 511 2314 567 tractatu
2352 510 2451 568 as-

1029 589 1285 651 finitatis
1327 612 1469 652 cum
1515 590 1677 652 crale
1718 590 1965 652 Serbiae
1998 593 2332 669 concluso,
2376 595 2451 655 ab

1029 698 1101 740 eo
1125 677 1503 739 Cotanilzam
1534 680 1911 757 transfugam
1943 685 2004 739 et
2021 678 2292 762 priorem
2320 701 2457 742 cra·

1028 765 1104 826 lis
1145 767 1460 845 coniugem
1503 763 1696 826 filiam
1738 764 2005 827 Terteris
2050 766 2309 848 accipit,
2352 769 2454 830 vi·

1027 853 1349 932 cissimque
1402 852 1556 914 crali
1596 853 1911 934 propriam
1949 851 2139 912 filiam
2177 853 2454 915 Simoni-

1025 939 1163 1000 dem
1214 960 1504 1021 sponsam
1547 939 1893 1019 consignat,
1950 940 2285 1019 puellulam
2338 941 2451 1004 vix

1021 1034 1344 1086 octennem
1390 1025 1529 1086 viro
1572 1045 1768 1106 prope
1822 1023 2332 1105 quinquagenario
2384 1037 2451 1089 et

1018 1113 1288 1194 plurium
1328 1111 1450 1171 iam
1485 1130 1757 1173 uxorum
1788 1111 2046 1189 marito,
2089 1116 2448 1176 custodien-

1019 1200 1158 1261 dam
1186 1197 1479 1260 videlicet
1500 1198 1793 1258 intactam
1826 1217 2019 1278 usque
2051 1196 2127 1258 ad
2155 1203 2446 1282 puberem

1017 1296 1271 1347 aetatem
1315 1283 1524 1368 (quem
1557 1294 1762 1345 tamen
1796 1283 2097 1364 Gregoras
2126 1284 2168 1344 1.
2199 1294 2241 1354 7
2277 1288 2447 1348 scri-

1012 1371 1104 1433 bit
1144 1370 1486 1434 sestinsuda
1525 1390 1637 1453 per
1693 1372 2199 1452 intemperantem
2247 1393 2448 1456 expe-

1012 1460 1222 1523 ctsndi
1272 1458 1719 1540 impatientiam
1759 1458 2156 1520 defloratione
2186 1460 2444 1541 virgun-

1014 1548 1187 1609 culae
1239 1544 1603 1607 inhabilem·
1621 1544 1792 1605 illam
1850 1544 2166 1625 gignendis
2231 1557 2444 1630 postea

1009 1632 1219 1695 liberis
1248 1627 1637 1712 reddidisse.)
1724 1627 1833 1695 1.4
1863 1650 1917 1691 c.
1942 1630 1988 1699 4
2022 1640 2086 1693 et
2119 1633 2181 1699 5.

1094 1760 1468 1823 Venetorum
1509 1758 1731 1839 legatio
1769 1757 2194 1823 Andronicum
2237 1762 2444 1845 impe-

1006 1858 1281 1910 retorem
1320 1845 1790 1909 Thessalonicae
1831 1849 2161 1926 convenit,
2225 1860 2441 1931 petens

1008 1935 1238 1998 remitti
1270 1935 1524 1995 multam
1548 1933 1788 1995 Venetis
1813 1932 1981 1995 urbis
2007 1935 2441 1999 Constantino-

1017 2023 1325 2105 politanae
1348 2021 1667 2101 inquilinis
1693 2019 2028 2101 indictam,
2074 2032 2136 2084 et
2171 2024 2438 2086 relaxari

1010 2109 1576 2191 oppignerationsm
1651 2105 1955 2167 bonorum
2019 2106 2144 2170 iam
2203 2111 2440 2173 dudum

1011 2197 1229 2256 factam
1284 2201 1542 2275 propter
1581 2192 1936 2254 incendium
1977 2193 2254 2259 Galatam
2329 2199 2439 2261 sed

1007 2281 1167 2343 nihil
1192 2280 1564 2362 impetravit.
1649 2278 1693 2345 l.
1724 2279 1767 2345 4
1794 2299 1848 2340 c.
1877 2283 1942 2347 6.

1092 2409 1436 2492 Imperator
1479 2407 1867 2471 Andronicus
1905 2409 2133 2473 frustra
2174 2421 2438 2477 conatur

1009 2498 1338 2559 conciliare
1376 2497 1830 2558 matrimonium
1879 2495 2085 2559 Alexii
2140 2500 2441 2584 principis

1009 2587 1343 2662 Lazorm,
1403 2585 1501 2645 sui
1542 2604 1622 2645 ex
1657 2603 1868 2646 sorore
1903 2583 2178 2666 nepotis,
2223 2597 2286 2647 et
2310 2609 2438 2669 pu-

1007 2673 1146 2756 pilli
1169 2681 1529 2733 testamento
1555 2671 1772 2752 patris,
1814 2689 1957 2731 cum
1984 2669 2112 2731 filia
2137 2674 2436 2753 praefecti

1008 2760 1320 2836 canicleo,
1380 2768 1449 2819 et*
1487 2759 1735 2819 irritare
1787 2758 1923 2818 iure
1967 2761 2200 2818 tutorio
2257 2761 2432 2842 prius

1007 2846 1360 2926 coniugium
1383 2844 1460 2905 ab
1490 2843 1706 2905 eodem
1737 2841 1954 2903 Alexio
1992 2843 2124 2905 sine
2152 2847 2432 2909 auctori-

1007 2933 1120 2994 bus
1170 2942 1365 2992 matre
1404 2939 1512 2991 aut
1534 2928 1843 2990 avunculo
1872 2938 2260 2992 contractum
2287 2953 2429 2995 cum

1006 3020 1268 3100 quadam
1298 3017 1481 3077 unius
1533 3036 1569 3077 e
1592 3014 1970 3098 primoribus
1992 3015 2310 3082 Iberorum
2341 3018 2430 3080 fi-

1002 3106 1107 3169 lia.
1196 3104 1241 3168 l.
1267 3102 1311 3168 4
1334 3123 1389 3169 c.
1427 3109 1492 3173 7.

1084 3234 1247 3295 Hinc
1283 3229 1557 3295 deiectus
1601 3230 2007 3312 nequidquam
2039 3239 2236 3295 tentat
2276 3254 2426 3295 ean-

999 3320 1136 3382 dem
1165 3319 1455 3402 praefecti
1496 3320 1765 3380 canicleo
1809 3317 1998 3379 filiam
2025 3319 2327 3382 collocare
2351 3320 2428 3381 fi-

996 3408 1085 3472 lio
1140 3429 1252 3470 suo
1296 3406 1507 3469 loanni
1560 3405 1877 3487 despotae‚
1946 3413 2142 3467 matre
2182 3407 2424 3471 iuvenis

999 3498 1267 3577 Augusta
1297 3493 1473 3554 Irene
1500 3499 1903 3574 repugnante.
1992 3489 2140 3558 ibid.

1083 3625 1193 3686 Die
1222 3627 1308 3688 22
1341 3620 1701 3683 Novembris
1732 3619 2123 3684 Andronicus
2139 3621 2412 3707 impera·
2449 3620 2496 3677 P
2528 3623 2590 3678 61

994 3721 1094 3774 tor
1123 3733 1156 3773 e
1193 3708 1506 3771 Thessalia
1538 3707 1738 3769 redux
1777 3707 1846 3767 in
1872 3707 2087 3769 urbem
2115 3709 2420 3774 Constan-

994 3799 1321 3882 tinopolim
1357 3796 1618 3857 solemni
1661 3813 1923 3856 occursu
1970 3793 2253 3860 invectus
2303 3808 2417 3861 est.

992 3884 1278 3955 1.4ο.8.

1081 4014 1305 4077 Atman
1355 4017 1674 4078 Persarum
1718 4025 1960 4099 satrapa
1976 4061 1997 4094 ,
2052 4016 2188 4079 aliis
2220 4016 2415 4081 Otto-

994 4121 1198 4163 msnes
1236 4103 1473 4181 dictus,
1545 4113 1759 4164 auctor
1807 4104 2026 4165 domus
2073 4100 2259 4166 hodie
2297 4125 2415 4167 rs-

988 4189 1232 4268 gnantis
1275 4191 1443 4273 apud
1491 4190 1759 4269 Turcos,
1801 4189 2121 4252 invalescit
2164 4191 2411 4273 opibus,

991 4274 1293 4338 adiunctis
1318 4276 1433 4337 sibi
1459 4275 1801 4339 numerosis
1829 4275 2022 4358 copiis
2053 4277 2350 4342 ferocium
2376 4298 2412 4340 e

989 4361 1402 4446 Paphlagonia
1431 4363 1761 4426 latronum.
1843 4363 1892 4427 1.
1919 4360 1965 4429 4
1993 4382 2050 4425 c.
2075 4364 2180 4431 26.

255 4487 529 4559 Georgius
572 4487 919 4561 Pachynon-es
962 4490 1040 4545 11.
1904 4480 1992 4550 64
