3084 4850
826 448 988 518 2113.
1027 445 1145 523 m.
1238 446 1987 519 OERONOLOGIGUS.
2378 452 2533 527 839

298 611 433 709 ἓξὲξ
498 610 745 708 ξξῗξῇζζ
786 611 1039 710 hssffffi
1195 617 1430 682 Veccna
1455 618 1520 680 in
1546 639 1790 681 carcere
1811 619 2027 682 scribit
2052 629 2268 682 contra
2296 632 2533 687 tomum

534 714 720 759 ttsan.
1112 706 1431 788 Gregorii5
1499 716 1563 768 et
1609 707 1739 768 eius
1779 708 1938 769 liber
1998 708 2532 793 Constantinopoli

787 766 1040 819 “um'm
1111 793 1307 855 iectus
1332 794 1666 855 multorum
1686 792 1903 855 animis
1925 796 2284 876 scrupulum
2308 797 2531 878 iniicit,

913 882 956 945 6
1108 879 1264 941 vitia
1289 881 1439 946 tomi
1467 881 1774 961 detegens.
1839 881 1886 942 1.
1915 887 1960 950 2
1987 902 2039 943 c.
2063 887 2108 950 2
2132 903 2196 964 p.
2223 888 2309 949 76
2335 893 2400 944 et
2426 890 2531 951 77.

1192 985 1420 1046 Tomos
1485 994 1808 1048 accusatur
1867 1005 1902 1045 a
1945 983 2529 1068 quinquecclesiensi

1068 1071 1078 1083 '
1110 1079 1171 1132 ct
1194 1069 1758 1153 excbartopbylace
1787 1070 2277 1153 Moschampare3
2320 1072 2529 1135 insur-

1106 1168 1287 1312 31:38
1294 1158 1362 1220 in
1401 1159 1659 1220 eunden
1697 1158 1801 1220 alii
1839 1178 2106 1241 quoque.
2191 1179 2246 1226 c.
2276 1163 2318 1226 3
2348 1181 2412 1244 p.
2437 1165 2529 1230 77

912 1453 955 1515 7
1195 1451 1556 1515 Exsrdescit
1613 1451 1960 1515 antistitum
2034 1452 2391 1515 scandalum
2461 1454 2531 1514 in

1111 1540 1471 1622 Gregorium
1500 1540 1822 1601 occasione
1850 1541 2270 1602 commentarii
2298 1563 2331 1600 a
2361 1540 2531 1601 Mar-

1109 1626 1365 1777 co4eius
1422 1625 1729 1710 discipulo
1784 1626 1969 1704 editi,
2028 1627 2163 1710 ipso
2211 1626 2528 1710 probante.

1106 1734 1160 1775 c.
1307 1758 1322 1772 .
1346 1718 1451 1782 79.

1188 1735 1565 1882 Ini'peratore
1597 1807 1832 1859 tomum
1866 1796 2087 1879 corrigi
2119 1808 2403 1881 oportere
2435 1800 2530 1861 iu·

1104 1885 1365 1967 dicante,
1388 1885 1722 1964 Gregorius
1741 1884 1807 1945 id
1826 1885 2021 1946 facere
2039 1895 2301 1950 recusat.
2344 1908 2405 1969 p.
2422 1891 2526 1953 80.

1188 1973 1518 2054 Gregorius
1545 1971 1820 2033 invidiae
1846 1971 2129 2034 ferendae
2147 1994 2214 2033 se
2234 1973 2525 2055 imparem

1102 2058 2343 2227 ‘⁶⁸1²223..¹.'.·¹3232.¹¹;2;:5:;¹.¹‘·.1?5.3.f·
2364 2064 2530 2209 ἓξὲξ..

1099 2252 1368 2295 mensem
1390 2232 1661 2310 Iunium,
1705 2243 1848 2314 post
1869 2242 2211 2295 transactos
2236 2234 2300 2294 in
2330 2253 2398 2295 ea
2427 2233 2532 2294 di-

1098 2320 1330 2398 gnitate
1374 2339 1487 2380 sex
1530 2339 1727 2378 annos
1782 2327 1845 2378 et
1891 2319 2080 2400 paulo
2145 2321 2300 2394 plus.
2388 2339 2440 2381 c.
2483 2323 2529 2386 9

1097 2425 1161 2489 p.
1186 2408 1273 2472 87
1299 2414 1364 2467 et
1390 2408 1495 2472 88.
1581 2404 1630 2468 l.
1658 2408 1702 2472 8
1739 2403 2255 2468 Observationum
2275 2451 2294 2483 ‚
2338 2424 2394 2468 c.
2416 2411 2485 2472 2.

1185 2490 1533 2571 corrigitur
1556 2500 1758 2554 tomus
1784 2492 2062 2572 Gregorii
2083 2492 2323 2553 sublata
2346 2512 2423 2553 ex
2448 2511 2521 2553 eo

1096 2578 1480 2661 expositione
1530 2580 1865 2641 sententiae
1910 2584 1972 2643 S.
2020 2580 2265 2642 Ioannis
2305 2580 2527 2641 Dama·

1096 2666 1286 2728 sceui.
1371 2685 1426 2727 c.
1459 2669 1532 2731 11
1567 2688 1629 2749 p.
1662 2669 1767 2732 90.

1181 2744 1548 2825 Athanasius
1602 2752 1941 2814 monachus
1998 2774 2034 2814 e
2092 2761 2301 2814 monte
2350 2752 2525 2812 Gamo

1098 2840 1345 2922 eligitur
1380 2849 1443 2901 et
1478 2840 1886 2918 inauguratur
1924 2839 2275 2922 patriarcha
2308 2839 2409 2900 die
2442 2841 2526 2914 14

1098 2927 1405 2991 Octobris.
1494 2946 1552 2988 c.
1588 2927 1667 2994 15
1695 2948 1757 3009 p.
1785 2931 1872 2995 97
1900 2937 1961 2988 et
1990 2929 2097 2995 98.

903 3142 947 3203 8
1187 3132 1520 3214 Gregorius
1554 3132 1980 3221 expatriarcha
2012 3133 2297 3195 moritur.
2356 3153 2410 3199 c.
2439 3136 2522 3200 17

1101 3242 1142 3304 p
1186 3307 1527 3389 imperator
1564 3305 1953 3369 Andronicus
1992 3326 2069 3367 ex
2095 3305 2249 3368 urbe
2275 3324 2339 3367 se
2365 3324 2523 3367 con-

1104 3394 1223 3455 sert
1258 3392 1329 3456 in
1379 3413 1582 3459 arcem
1643 3393 2076 3455 Nicetiatarum
2135 3391 2522 3475 Dacibyzam,

1101 3477 1210 3542 ubi
1252 3480 1711 3545 custodiebatur
1746 3483 2003 3544 loannes
2039 3478 2351 3542 Theodori
2387 3480 2523 3541 Au-

1102 3567 1262 3644 gusti
1301 3566 1468 3628 filius
1506 3577 1571 3630 et
1606 3567 1855 3647 haeres,
1900 3565 2049 3628 olim
2090 3576 2452 3629 excoecatus
2486 3586 2521 3626 a

1103 3650 1395 3729 michaele
1433 3664 1610 3735 patre
1643 3653 2013 3732 Andronici,
2062 3654 2137 3729 ab
2184 3674 2381 3736 eoque
2422 3655 2523 3716 of·
2557 3652 2603 3707 P
2636 3652 2741 3707 609

1101 3739 1309 3804 ficiose
1363 3740 1628 3802 salutato
1686 3750 1750 3801 et
1807 3739 2135 3805 liberaliter
2195 3749 2520 3804 munerato

1102 3826 1450 3889 eblanditur
1488 3827 1825 3891 cessionem
1860 3829 2014 3891 iuris
2057 3828 2136 3890 ad
2176 3827 2520 3912 imperium.

1100 3914 1143 3975 l.
1173 3918 1205 3980 1
1248 3933 1304 3978 c.
1330 3917 1417 3981 36
1444 3936 1508 3997 p.
1535 3912 1645 3981 64.

1186 3999 1338 4061 Inde
1366 3998 1533 4062 idem
1562 4000 1953 4064 Andronicus
1978 4022 2092 4086 per
2121 3998 2519 4063 Athanasium

1102 4085 1528 4168 patriarcham,
1552 4107 1733 4168 quem
1755 4088 2040 4152 comitem
2064 4087 2343 4159 ducebat,
2358 4086 2524 4150 mitti

1105 4183 1281 4238 curat
1303 4174 1383 4235 ad
1409 4174 1675 4239 vaccum
1705 4184 1768 4237 et
1793 4176 1995 4238 socios
2022 4176 2090 4239 in
2125 4195 2259 4237 arce
2288 4176 2347 4235 8.
2366 4174 2523 4235 Gre-

1103 4262 1257 4340 gorii
1302 4262 1645 4324 custoditoa
1683 4262 2074 4326 Theodorum
2118 4262 2523 4339 Muzalonem,

1104 4348 1212 4429 qui
1234 4367 1446 4412 eorum
1476 4349 1818 4411 sublevavit
1843 4358 2182 4432 egestatem.
2223 4348 2268 4417 l.
2295 4354 2327 4416 1
2360 4369 2412 4415 ο.
2434 4350 2526 4416 35

1106 4456 1167 4515 p.
1197 4438 1284 4502 68
1312 4444 1372 4497 et
1405 4456 1461 4499 c.
1487 4439 1573 4505 86
1598 4457 1662 4520 p.
1696 4439 1802 4508 64.
1857 4446 2171 4522 praeterea
2203 4438 2245 4498 1.
2274 4440 2319 4504 2
2352 4458 2407 4499 c.
2441 4437 2524 4503 1⁷
