3084 4850
876 351 1034 421 un.
1077 349 1198 424 m.
1277 347 2036 453 ennonotoclcus
2430 347 2582 423 781

324 544 480 587 cum
516 521 819 600 vidimus,
869 520 1070 604 liquet
1107 519 1276 584 istud
1311 520 1440 584 eius
1477 519 1736 584 exilium
1767 539 1975 582 annuo
1998 517 2351 585 diuturnius
2377 522 2587 604 fuisse,

326 610 637 694 siquidem
674 619 816 693 post
842 608 1008 671 illam
1038 608 1371 671 consecrati
1414 608 1592 690 panis
1620 607 1901 691 corrupti
1931 608 2165 691 reperti
2192 610 2589 691 mentionem,

325 718 493 781 quae
521 707 661 757 ante
692 700 1098 757 narrationem
1136 696 1546 759 revocationis
1578 694 1793 771 Vecci,
1838 694 2154 773 ordinem,
2194 705 2268 756 ut
2307 708 2585 779 apparet,

326 795 641 864 gestarum
700 804 906 844 rerum
967 803 1252 864 sequens,
1313 782 1625 844 interserit
1677 780 2041 856 historicus,
2112 781 2350 862 aliquot
2405 785 2589 846 facile

326 870 630 932 mensium
659 878 899 953 tempus
934 870 1342 953 expleverint,
1382 890 1604 953 nempe
1632 868 1958 930 debellatio
1990 866 2360 949 Scytharum
2390 891 2446 932 c.
2474 875 2585 948 29,

326 967 595 1018 conatus
639 955 1025 1038 imperatoris
1073 956 1155 1019 ad
1199 957 1494 1019 factiones
1540 955 1832 1018 ecclesiae
1870 956 2328 1038 componendas
2371 978 2430 1020 c.
2473 961 2582 1036 80,

325 1045 673 1127 reportatio
699 1043 765 1103 in
789 1045 1003 1106 urbem
1027 1044 1422 1127 reliquiarum
1454 1041 1837 1126 patriarchae
1863 1041 2102 1104 Arsenii
2127 1063 2181 1104 c.
2209 1046 2288 1109 31
2309 1089 2330 1120 ,
2373 1043 2580 1106 clades
2613 1047 2661 1106 1·
2694 1050 2796 1107 565

329 1131 824 1192 Christianorum
864 1130 931 1190 in
966 1130 1144 1212 Syria
1186 1152 1292 1192 seu
1323 1131 1566 1192 initium
1599 1129 1747 1191 belli
1773 1151 1806 1190 s
1838 1129 2093 1190 Sultane
2118 1129 2446 1212 Babylonis
2470 1131 2587 1191 La-

329 1217 485 1278 tinis
514 1214 897 1278 Antiochiam
926 1217 1227 1300 Tripolim
1257 1227 1318 1279 et
1340 1217 1778 1279 Ptolemaidem
1808 1216 2159 1278 tenentibus
2187 1217 2368 1298 illati,
2407 1218 2585 1280 cuius

328 1305 537 1365 secuti
577 1303 879 1386 posterius
904 1304 1109 1365 ultimi
1135 1313 1391 1367 eventus
1421 1327 1455 1364 a
1480 1316 1695 1366 nostro
1728 1324 1843 1386 per
1868 1304 2324 1387 occupationem
2352 1325 2583 1367 memo-

328 1401 559 1454 rantur
595 1412 647 1457 c.
680 1394 807 1465 32,
848 1391 1110 1472 denique
1134 1391 1470 1453 secundum
1505 1390 1965 1453 matrimonium
2001 1390 2338 1452 Andronici
2376 1393 2582 1475 impe-

327 1477 599 1549 ratoris,
655 1478 731 1538 de
762 1496 884 1558 quo
910 1498 968 1541 c.
996 1483 1101 1547 88.
1185 1476 1285 1540 his
1334 1479 1576 1541 cunctis
1620 1476 2117 1558 circumspectis,
2159 1477 2329 1539 haud
2353 1488 2583 1541 temere

328 1565 686 1626 videbimur
741 1562 1045 1626 affirmare
1085 1565 1518 1625 evocationem
1561 1563 1746 1626 Vecci
1788 1565 1973 1625 Prusa
2014 1564 2378 1646 Byzantium
2418 1586 2583 1628 anuo

333 1650 570 1712 Christi
614 1652 781 1718 1284
824 1650 987 1711 circa
1037 1672 1303 1713 mensem
1345 1652 1571 1714 Maium
1617 1651 1939 1713 luniumve
1976 1652 2336 1732 contigisse,
2377 1651 2584 1735 ipsum

330 1759 489 1800 vero
528 1737 763 1819 synodo
805 1736 1202 1815 tunqhabit·
1249 1739 1642 1818 damnatum,
1682 1738 1758 1800 ab
1794 1737 2166 1822 imperatore
2202 1738 2431 1802 frustra
2471 1740 2583 1801 diu

334 1834 566 1887 conato
589 1844 736 1886 eum
773 1823 850 1885 sd
900 1835 1104 1908 partes
1134 1824 1412 1906 trahere,
1452 1825 1522 1886 in
1556 1824 1893 1887 custodiam
1923 1824 2081 1888 arcis
2110 1847 2144 1887 a
2175 1829 2399 1888 Sancto
2429 1825 2584 1889 Gre-

332 1912 514 1992 gorio
566 1909 911 1972 nominatae
958 1912 1288 1992 traditum,
1353 1913 1521 1996 quod
1569 1912 1679 1974 sub
1730 1912 1918 1974 finem
1973 1933 2030 1975 c.
2082 1915 2169 1980 36
2227 1912 2408 1975 docet
2456 1913 2582 1975 Pa-

330 1997 677 2081 chymeres.
760 1996 913 2059 haec
948 1999 1182 2061 faciunt
1222 2020 1302 2063 ns
1342 1999 1623 2062 assentiri
1663 2000 1892 2084 possim
1932 1998 2198 2062 Hem-ico
2223 1999 2581 2084 Spondano,

332 2084 491 2146 dum
515 2084 692 2146 Vecci
716 2083 1198 2167 damnationem,
1240 2087 1355 2149 sub
1377 2108 1563 2171 quam
1584 2087 1967 2170 mancipatus
1986 2096 2082 2149 est
2104 2088 2336 2150 carceri
2350 2136 2371 2168 ,
2413 2109 2580 2155 tuuc

330 2171 565 2234 Christi
591 2174 758 2240 1283
778 2172 1014 2237 tribuit.

511 2257 587 2319 V.
673 2256 950 2320 Perstitit
992 2257 1238 2339 quidem
1285 2257 1524 2320 Veccus
1571 2278 1771 2337 usque
1811 2254 1891 2318 ad
1933 2264 2190 2318 mortem
2221 2256 2289 2319 iu
2320 2277 2390 2319 ea
2426 2257 2584 2321 arcis

332 2343 911 2422 San-Gregorianae
949 2344 1262 2423 custodia,
1304 2346 1412 2406 sed
1465 2344 1821 2421 conditione
1872 2363 2002 2404 uon
2057 2363 2300 2428 semper
2349 2346 2584 2408 eadem.

332 2451 487 2494 nam
516 2430 694 2491 initio
730 2430 1049 2492 durissime
1071 2430 1316 2493 habitus
1352 2431 1538 2497 estin
1567 2453 1802 2495 summa
1830 2429 2077 2515 inopia,
2121 2431 2252 2493 aine
2273 2431 2399 2493 ulla
2429 2453 2583 2516 pro-

333 2517 581 2581 visione
631 2518 1110 2580 necessariorum
1152 2518 1229 2580 ad
1268 2517 1523 2581 victum.
1607 2520 1739 2581 eius
1763 2518 2136 2581 incommodi
2161 2519 2582 2584 laxamentum

335 2604 594 2686 aliquod
635 2605 880 2685 quando
920 2614 983 2668 et
1028 2605 1338 2686 quomodo
1376 2607 1716 2689 acceperit,
1760 2605 1997 2668 iudicat
2034 2606 2234 2693 obiter
2271 2607 2412 2670 loco
2451 2628 2582 2670 nou

336 2711 460 2754 auo
510 2689 944 2771 Pachymeres,
988 2691 1066 2753 sd
1107 2692 1334 2755 calcem
1381 2695 1567 2756 niodo
1609 2693 1929 2757 memorati
1972 2713 2027 2754 c.
2065 2694 2186 2773 35,
2238 2713 2379 2756 cum
2422 2693 2507 2756 ait
2542 2716 2581 2756 a

334 2776 768 2864 proficiscente
814 2778 881 2841 in
928 2779 1241 2842 Orientem
1297 2778 1628 2843 Athanasio
1672 2781 1793 2843 ism
1836 2789 2045 2844 creato
2090 2779 2476 2862 patriarcba,
2522 2792 2587 2845 et

335 2867 570 2928 fretum
618 2865 698 2925 od
737 2866 1162 2948 Helenopolim
1194 2867 1566 2945 traiiciente‚
1611 2869 1867 2931 missum
1910 2888 1988 2929 ex
2037 2866 2252 2930 itinere
2281 2868 2347 2929 in
2376 2887 2580 2931 arcem

336 2954 409 3017 S.
442 2953 718 3033 Gregorii
755 2975 1032 3034 magnum
1068 2952 1472 3034 logothetam,
1517 2956 1621 3038 qui
1644 2956 1844 3020 Vecco
1875 2963 2122 3017 centum
2152 2975 2403 3034 aureos,
2446 2955 2580 3017 Me-

335 3038 656 3102 liteuiotae
687 3041 1124 3124 quinquaginta
1156 3041 1507 3116 donaverit,
1548 3043 1882 3106 Metochita
1924 3042 2230 3104 sociorum
2259 3039 2446 3104 Vecci
2473 3041 2581 3102 al-

336 3135 477 3188 tero
513 3125 631 3186 iam
663 3138 838 3189 autea
869 3137 1123 3212 propter
1147 3128 1426 3192 morbum
1454 3129 1519 3190 in
1548 3130 1797 3192 domum
1829 3129 2139 3214 propriam
2167 3129 2380 3190 relato.
2465 3128 2581 3190 iu-

335 3211 704 3293 vestigemus
724 3259 743 3293 ,
790 3215 843 3277 si
872 3238 989 3299 qua
1020 3236 1375 3299 possumus,
1423 3211 1832 3299 istius'gestae
1857 3219 1944 3278 rei
1973 3227 2234 3298 tempus.
2320 3236 2581 3277 succes-

335 3298 429 3363 sit
456 3299 750 3381 Gregorio
775 3303 1001 3386 Cyprio
1030 3303 1098 3365 in
1133 3304 1807 3388 Constantinopolitano
1846 3302 2258 3387 patriarchatu
2289 3301 2580 3365 Athana-

335 3386 506 3465 sius,
545 3406 660 3449 nec
700 3391 905 3452 statim
946 3412 1018 3452 ae
1056 3390 1232 3452 nullo
1281 3392 1630 3473 interregno
1681 3392 1880 3454 medio
1917 3390 2225 3455 successit.
2307 3392 2579 3472 primum

334 3471 534 3552 igitur
571 3474 904 3539 videndum
936 3476 1231 3560 quamdiu
1254 3478 1582 3558 Gregorius
1612 3479 1678 3540 in
1706 3478 1848 3541 sede
1874 3477 2241 3560 perstiterit,
2289 3487 2417 3540 tum
2451 3499 2576 3562 quo

334 3559 488 3621 iude
512 3559 835 3625 intervallo
869 3565 1163 3627 suffectus
1198 3565 1319 3647 ipsi
1361 3566 1552 3628 suerit
1584 3566 1979 3645 Athanasius,
2020 3574 2333 3650 postremo
2360 3567 2579 3649 profe-

340 3645 566 3707 ctionis
603 3645 791 3709 huius
825 3652 890 3711 in
923 3652 1233 3713 Orientem
1263 3661 1524 3736 tempus.
1609 3654 1874 3736 primum
1910 3653 2079 3734 quod.
2120 3651 2375 3731 attinet,
2417 3653 2580 3714 Gre-

338 3731 549 3814 gorius
605 3732 670 3793 in
727 3735 1114 3800 abdicatione
1165 3736 1376 3800 throni
1424 3741 1657 3823 scripto
1698 3761 2017 3822 expressa,
2084 3759 2238 3822 quas
2281 3739 2581 3801 recitatur

337 3841 409 3903 p·
446 3823 569 3886 130
598 3839 657 3885 v.
687 3825 802 3900 20,
849 3827 936 3886 ait
977 3847 1041 3887 se
1082 3846 1274 3889 annos
1322 3848 1433 3888 sex
1474 3837 1532 3888 et
1577 3828 1741 3910 quod
1781 3828 2057 3890 excurrit
2095 3828 2162 3888 iu
2199 3826 2582 3909 possessione

337 3905 795 3989 patriarchatus
823 3912 1195 3993 perdurasse.
1283 3915 1511 3976 creatio
1533 3914 1721 3976 huius
1747 3924 1807 3975 et
1835 3913 2241 3995 inauguratio,
2279 3913 2582 3996 capitibus

336 3993 485 4055 libri
522 3992 750 4073 prioris
781 4002 861 4065 14
898 4009 961 4060 et
991 4002 1075 4067 15
1105 4011 1377 4081 narrata,
1425 4002 1713 4083 contigit,
1754 4011 1829 4063 ut
1864 4001 1995 4062 illic
2037 4001 2349 4074 innuitur,
2384 3985 2582 4083 ‘paulo

339 4088 486 4165 post
513 4079 754 4161 losephi
786 4095 1078 4158 mortem,
1124 4107 1301 4166 quam
1321 4090 1625 4170 superiori
1649 4090 1850 4172 capite
1878 4087 2430 4149 demonstravimus
2462 4088 2576 4149 sub

336 4166 587 4230 initium
617 4167 815 4232 Martii
852 4193 1011 4232 anno
1042 4171 1266 4234 Christi
1304 4181 1472 4244 1283
1500 4176 1789 4241 evenisse.
1873 4176 2095 4235 initum
2140 4196 2322 4256 porro
2354 4198 2385 4234 a
2416 4175 2578 4237 Gre-

336 4254 512 4335 gorio
543 4254 1020 4336 patrisrchatum
1048 4270 1186 4321 ante
1216 4263 1482 4325 medium
1517 4263 1776 4345 Aprilis,
1825 4262 1990 4343 cogit
2033 4261 2368 4343 affirmare,
2413 4264 2576 4344 quod

333 4341 667 4404 historicus
712 4364 770 4425 p.
800 4344 884 4413 48
926 4367 986 4409 v.
1012 4352 1053 4414 5
1096 4360 1424 4425 memorat,
1470 4351 1615 4412 seria
1671 4352 1789 4412 iam
1835 4361 1965 4412 tum
2016 4351 2283 4410 secunda
2327 4352 2578 4412 maioris

333 4427 758 4510 hebdomadae
816 4432 1002 4498 fuisse
1049 4435 1342 4520 Cyprium
1379 4439 1446 4500 in
1492 4438 1677 4522 plena
1718 4436 2096 4523 possessione
2145 4438 2576 4521 patriarchalis
