3084 4850
862 310 1025 389 ΗΒ.
1069 309 1127 382 1.
1233 307 1794 384 ctosssmum.
2299 311 2447 386 673

193 517 346 561 rum
373 490 897 583 ρονοβᾶμβουλον
934 506 997 560 et
1036 490 1460 581 διβᾶμβουλον
1491 494 1890 579 inquiramus.
1971 502 2126 580 puto
2165 495 2447 581 equidem

196 606 236 647 e
265 585 484 646 Latina
513 603 664 646 voce
694 583 1069 645 obambula
1097 585 1349 665 deduci,
1391 593 1454 646 et
1500 593 1573 645 ut
1611 582 1855 647 remita
1883 602 2106 646 nomen
2133 583 2201 646 in
2243 586 2449 648 aulam

196 671 435 735 nom-0
463 690 658 733 novae
685 690 721 732 e
748 670 941 734 veteri
969 672 1273 751 migrasse.
1340 670 1408 732 in
1434 669 1635 732 aulam
1664 669 1838 750 dico,
1872 690 2001 732 non
2025 668 2091 732 in
2120 670 2447 735 ecclesiam.

199 778 352 819 nam
379 757 783 839 praelationes
809 757 1050 839 lampad
1060 778 1160 819 um
1192 757 1494 840 episcopis
1517 776 1714 839 usque
1734 757 1813 817 ab
1832 756 2196 839 Apostolicis
2217 758 2285 818 in
2305 758 2449 818 Asia

198 845 457 906 usitatas
486 844 863 927 temporibus
891 844 1039 907 scio.
1092 845 1381 924 Augustis
1411 843 1656 925 quidem
1680 844 1881 924 ignem
1913 844 2247 926 praelatum
2274 844 2449 927 prius

199 932 433 993 Romae
481 950 663 1009 quam
691 932 1220 1014 Constantinopoli
1263 932 1444 994 fateri
1488 950 1731 992 necesse
1769 939 1889 1008 est,
1931 950 2071 991 cum
2111 931 2230 992 iam
2262 932 2451 991 Com-

207 1015 386 1079 modi
415 1025 608 1077 aetate
636 1018 906 1079 solemne
934 1019 1159 1079 Romae
1191 1026 1346 1078 esset
1372 1018 1571 1096 ignem
1609 1016 1893 1097 Augustis
1919 1016 2235 1098 praeferri.
2318 1017 2449 1078 He-

199 1102 505 1167 rodianus
530 1104 573 1166 l.
593 1108 660 1168 1:
690 1105 1006 1169 Λουκίλλα
1037 1095 1121 1185 ἦν
1140 1108 1228 1188 τῷ
1251 1097 1565 1190 Κομμόδφ
1588 1095 1976 1206 πρεσβυτάτη
1999 1098 2256 1167 πάντων
2281 1099 2454 1168 cidel-

201 1182 330 1271 φή.
373 1183 531 1269 αὕτη
560 1184 861 1275 πρότερον
876 1191 1134 1278 Λουκίφ
1163 1183 1351 1277 Βήρῳ
1382 1184 1793 1272 αὐτοκρατορι
1819 1182 2083 1276 συνῷκει
2108 1232 2127 1253 .
2159 1238 2175 1253 .
2208 1238 2226 1254 .
2257 1239 2273 1254 .
2315 1182 2454 1253 ἀλλ’

199 1274 344 1343 3⁸⁸2
390 1273 619 1359 συνέβη
646 1272 759 1343 τόν
795 1268 1078 1342 Λούκιον
1117 1281 1497 1359 τελευτῆσαι,
1532 1269 1848 1358 μενόντων
1875 1280 1955 1364 τῇ
1984 1275 2300 1362 Λουκίλλῃ
2337 1280 2452 1356 τῆς

200 1363 524 1446 βασιλείας
557 1357 914 1446 συμβόλων,
963 1367 1356 1451 Πομπηϊαυῷ
1383 1361 1423 1429 ὖ
1457 1359 1660 1448 πατὴρ
1688 1357 1890 1444 αΰτῆν
1920 1359 2179 1440 ἐξέδοτο.
2266 1356 2453 1427 midiae

197 1442 397 1532 ἦττον
420 1447 630 1530 μέντοι
667 1448 708 1515 ὁ
735 1446 1067 1534 Κόμμοδος
1100 1443 1396 1531 ἐφύλαττ’
1417 1444 1530 1526 τοὶς
1557 1446 1740 1532 vunai:
1766 1453 1850 1537 τῇ
1882 1442 2158 1537 aidani·
2198 1447 2303 1513 καὶ
2332 1445 2451 1532 γᾶρ

200 1534 315 1602 bct
363 1539 477 1639 τοῇ
525 1537 839 1643 βασιλείῳ
870 1531 1113 1622 θρόνου
1151 1540 1433 1637 adflicto
1475 1535 1545 1602 ἐν
1582 1543 1715 1613 τοῖς
1749 1528 2042 1636 aeirem
2084 1533 2190 1634 afui
2229 1532 2299 1601 τὰ
2322 1539 2454 1636 πῦρ

199 1622 2458 1790 {33‘2‘2’22‘2’3‘32152‘0’¹.f;„,zaffssmffssssxrt'ffltuffssgsseff'25:333

202 1794 568 1858 incederent
609 1796 950 1878 praelatum
991 1798 1204 1875 docet,
1243 1808 1305 1858 et
1352 1796 1455 1882 (ut,
1477 1796 1598 1860 lioc
1635 1796 1834 1859 obiter
1864 1795 2248 1874 admoneam)
2289 1795 2456 1857 solus

205 1883 422 1961 docet,
464 1903 543 1943 nc
568 1882 860 1945 miremur
893 1883 971 1944 ab
1001 1905 1123 1945 uno
1160 1884 1470 1947 interdum
1496 1894 1747 1947 auctore
1776 1882 2005 1965 scripto
2042 1892 2251 1945 notata
2278 1902 2458 1965 repe-

203 1969 330 2033 riri
369 1967 666 2052 quaedam
703 1970 848 2030 olim
878 1991 993 2031 usu
1020 1970 1437 2051 vulgatissima
1464 1971 1726 2054 ideoque
1749 1970 1916 2052 quod
1942 1980 2092 2032 tunc
2116 1979 2313 2031 essent
2347 1992 2458 2030 no.

204 2057 454 2119 tissima
479 2056 676 2116 literis
715 2057 1107 2119 scribentium
1142 2079 1268 2119 non
1302 2078 1606 2140 expressa.
1689 2058 1781 2119 sic
1810 2057 1992 2119 fuisse
2033 2057 2097 2117 in
2115 2077 2233 2117 usu
2258 2077 2456 2137 quon·

206 2145 362 2205 dam
387 2151 451 2203 et
493 2142 698 2224 pretio
732 2146 1032 2223 quendam
1073 2143 1368 2205 honorem
1394 2145 1625 2204 bisalis·
1665 2152 1949 2206 vocatum
1979 2140 2180 2226 (quem
2224 2153 2313 2204 est
2346 2163 2456 2205 ve·-

204 2229 472 2292 risimile
517 2228 704 2289 situm
739 2230 927 2291 fuisse
971 2230 1034 2290 in
1074 2231 1448 2313 praelatione
1476 2228 1645 2291 sedis
1676 2232 1962 2313 geminae
1993 2228 2294 2310 aliquibus
2322 2231 2460 2290 exi-

206 2315 339 2377 mie
372 2311 692 2398 concessa)
721 2335 798 2376 ex
837 2336 958 2378 una
1002 2337 1203 2399 nuper
1240 2316 1541 2398 exscripta
1575 2327 1638 2379 et
1677 2317 1924 2398 vulgata
1954 2325 2192 2377 constat
2222 2336 2333 2397 per
2362 2316 2460 2378 vi-

204 2421 356 2466 rum
418 2400 832 2465 doctissimum
877 2401 1369 2467 Chimentellium
1413 2404 1614 2467 Pisani
1672 2402 1991 2467 marmoris
2042 2402 2465 2486 inscriptione,

203 2487 479 2569 reliquis
513 2508 584 2549 ea
625 2488 701 2548 de
739 2511 808 2551 re
842 2492 1164 2553 vetustatis
1197 2492 1606 2554 monumentis
1648 2490 1981 2553 silentibus.
2066 2490 2229 2551 unde
2262 2511 2375 2551 nec
2405 2491 2463 2550 si

204 2575 462 2661 primus
491 2585 554 2637 et
581 2576 749 2637 solus
779 2576 1175 2660 Pachymeres
1203 2581 1378 2642 istam
1409 2581 1486 2642 de
1524 2600 1641 2662 qua
1670 2599 1834 2641 nunc
1876 2577 2102 2657 agimus
2129 2575 2463 2636 dibambuli

205 2661 524 2726 vocabulo
552 2661 922 2743 designatam
955 2668 1223 2746 geminae
1251 2666 1547 2750 lampadis
1574 2676 1716 2727 ante
1739 2660 2139 2748 patriarcham
2165 2663 2462 2723 Constan-

203 2749 699 2831 tinopolitanum
723 2753 1158 2833 praelationem
1191 2755 1516 2816 memoriae
1539 2753 1928 2837 prodidisset,
1958 2748 2165 2810 mirari
2191 2750 2461 2832 prudens

212 2837 426 2897 lector
455 2845 563 2896 aut
605 2849 945 2919 suspectam
978 2841 1159 2902 unius
1198 2840 1422 2903 babere
1450 2841 1630 2903 fidem
1659 2848 1981 2923 propterea
2010 2836 2271 2899 deberet.
2354 2836 2461 2900 sed

209 2920 396 3004 quod
451 2922 761 3004 coepimus
806 2946 1050 3006 agamus
1100 2928 1175 2990 de
1215 2929 1447 3009 origine
1507 2929 1679 2991 vocis
1729 2926 2178 2988 dibambulum.
2278 2923 2461 2983 credo

215 3006 514 3090 equidem
571 3008 918 3072 ministrum
977 3013 1083 3093 qui
1137 3016 1340 3076 lumen
1391 3014 1829 3097 imperantibus
1865 3014 2090 3074 Itomae
2131 3011 2462 3091 praeferret

213 3096 408 3174 vulgo
451 3093 682 3155 dictum
729 3096 1162 3176 obambulans,
1204 3101 1350 3181 quin
1391 3111 1450 3162 et
1485 3101 1891 3163 instrumento
1935 3110 2044 3162 aut
2082 3100 2214 3162 vasi
2248 3120 2368 3179 quo
2413 3099 2464 3160 is

215 3182 351 3263 igni
397 3181 706 3263 portando
742 3194 1021 3247 uteretur
1059 3185 1307 3247 eandem
1351 3208 1594 3270 quoque
1633 3187 2097 3272 appellationem
2126 3207 2468 3248 accommo-

218 3269 433 3331 datam
485 3289 604 3330 usu
646 3271 966 3354 populari;
1009 3281 1069 3333 et
1111 3275 1402 3335 translata
1443 3297 1555 3359 per
1585 3275 2044 3339 Constantinum
2075 3295 2108 3336 e
2138 3276 2325 3336 Roma
2352 3295 2465 3334 ve-

218 3365 353 3417 tere
398 3355 461 3414 in
505 3376 728 3418 novam
760 3358 898 3419 sede
925 3359 1201 3442 imperii,
1246 3381 1466 3424 nomen
1490 3364 1649 3426 idem
1677 3366 1917 3425 Latinae
1943 3362 2190 3441 originis
2223 3362 2468 3422 Graecis

219 3439 426 3502 literis
457 3441 781 3520 signatum.
869 3467 937 3507 ac
975 3468 1112 3507 cum
1146 3448 1305 3508 sorte
1339 3461 1546 3530 postea
1584 3450 1904 3531 excogitati
1929 3451 2150 3529 gradus
2177 3458 2373 3510 essent
2402 3449 2468 3508 in

221 3526 697 3609 participatione
739 3532 924 3595 huius
965 3532 1253 3611 honoris,
1296 3535 1379 3596 ita
1428 3548 1498 3598 ut
1546 3539 1653 3600 fax
1690 3548 1797 3599 aut
1836 3539 2063 3619 lampas
2104 3535 2283 3596 unica
2327 3545 2469 3594 ante

222 3613 530 3696 quosdam
572 3627 957 3699 portaretur,
1003 3632 1145 3682 ante
1181 3622 1332 3683 alios
1369 3622 1634 3706 duplex,
1679 3624 2039 3706 explicatam
2081 3623 2256 3684 istam
2293 3620 2469 3683 diffe-

221 3699 489 3764 rentiam
539 3703 792 3767 vocibus
832 3709 1058 3770 Graeca
1099 3710 1292 3770 forma
1339 3711 1716 3791 compositis,
1759 3713 1845 3772 ita
1887 3720 1962 3772 ut
1994 3710 2466 3771 instrumentum

221 3788 475 3851 unicam
514 3807 726 3867 gerens
769 3793 1108 3877 lampadem
1150 3798 1726 3874 monohamhulum‚
1785 3797 2047 3877 geminas
2089 3796 2318 3857 habens
2363 3792 2469 3853 di..

224 3874 604 3937 bumbulum
639 3892 982 3944 vocaretur.
1071 3883 1234 3944 dicet
1262 3885 1478 3965 aliquis
1507 3884 1880 3945 commodius
1914 3882 2345 3943 ‹lib-ambulans
2372 3880 2469 3940 di..

222 3974 396 4024 ctum
434 3963 628 4024 videri
668 3986 842 4045 posse
878 3970 1044 4049 quasi
1084 3969 1516 4050 dibompulum
1543 3970 1621 4030 ab
1652 3971 1955 4051 ampulla,
1984 3969 2215 4029 mollito
2245 3990 2285 4048 p
2312 3968 2376 4027 in
2406 3968 2468 4032 b.

226 4051 402 4131 atqui
445 4050 494 4110 si
543 4049 662 4110 hoc
703 4063 891 4132 esset,
937 4059 1404 4117 mariambulum
1441 4079 1516 4117 ex
1550 4058 1820 4137 analogia
1861 4056 2105 4118 formari
2148 4055 2470 4116 debuisset.

227 4158 629 4218 agnoscamus
670 4157 810 4217 ergo
853 4141 917 4200 in
957 4163 1108 4204 voce
1155 4145 1689 4204 monobambulum
1725 4164 1925 4204 veram
1959 4153 2076 4203 tam
2112 4142 2471 4202 monebam·

227 4224 368 4284 bula·
421 4247 603 4304 quam
643 4222 995 4286 dibamlmli
1027 4232 1316 4308 originem
1352 4230 1627 4290 Latinum
1665 4230 2023 4292 vocabulum
2053 4227 2472 4289 obambulant.

225 4310 375 4370 haec
419 4333 552 4375 mea
599 4312 760 4372 circa
798 4312 1232 4376 dibambulum
1279 4322 1699 4393 coniectanea,
1761 4327 1827 4378 ut
1862 4318 2025 4377 soleo
2062 4337 2199 4377 meo
2245 4316 2474 4376 iudicio

226 4398 534 4476 diffidere,
581 4419 722 4458 cum
754 4399 887 4460 aliis
917 4402 1297 4468 discutienda
1338 4403 1536 4468 obtuli
1572 4403 1720 4466 viris
1751 4404 2039 4478 eruditis,
2082 4412 2211 4465 tum
2247 4402 2471 4465 doctis-

314 4494 596 4567 Georgu‘as
641 4492 987 4565 Pachynum:
1029 4496 1108 4553 11.
1962 4486 2049 4557 43
