3084 4850
506 291 663 370 814
1115 292 1595 364 OBSERVAT.
1645 291 2128 364 PAGHYMER.

504 464 936 528 Turcomennu
977 462 1288 546 praefecto
1320 461 1601 545 Aegypti.
1688 460 1903 524 eodem
1937 481 2100 523 enno
2143 459 2542 522 Munkakeue
2595 459 2778 520 Kana

395 595 401 600 -
507 569 830 633 supremus
868 549 1204 632 imperator
1230 549 1678 630 Mogulensium
1710 549 1942 632 preelio
1973 548 2298 610 adversum
2335 566 2553 626 regem
2587 547 2780 606 Sine-

507 658 649 700 rum
676 637 1065 699 rebellantem
1093 637 1414 698 commisso
1442 637 1659 717 sagitte
1686 635 1848 697 ictus
1879 634 2189 696 occubuit.
2275 634 2355 695 de
2385 633 2595 694 huius
2622 652 2779 694 etec-

508 723 782 785 cessione
809 723 968 796 inter
993 724 1144 785 duos
1180 724 1310 784 eius
1342 724 1562 785 fratres
1601 743 1712 806 per
1751 743 1945 783 annos
1996 721 2138 783 inde
2169 722 2518 781 octodecim
2561 730 2779 781 certe-

507 820 641 872 tum
668 820 777 888 est,
820 811 1247 872 succumbente
1273 810 1536 890 denique
1561 820 1623 871 et
1650 809 1864 871 cedere
1886 818 2099 869 coacto
2127 807 2431 887 Arigbuge
2459 817 2625 869 natu
2653 808 2780 868 mi·

506 918 705 972 nore,
754 907 817 957 et
841 897 1067 959 Kuble‘i
1092 906 1333 980 praeter
1361 896 1575 957 aetatis
1599 897 2085 997 praerogativam
2110 894 2579 975 praestantibus
2614 915 2778 974 qno-

504 1004 628 1066 que
668 985 1096 1046 commendato
1142 983 1421 1061 dotibus,
1476 984 1660 1045 ermis
1699 984 1877 1044 etiem
1921 982 2327 1065 praevalente.
2415 1002 2543 1061 quo
2590 981 2778 1042 civili

504 1080 631 1130 tam
661 1070 832 1149 longi
862 1070 1152 1152 temporie
1180 1068 1441 1132 discidio
1468 1079 1640 1131 tento
1666 1070 1958 1130 videlicet
1985 1068 2206 1130 certius
2236 1067 2652 1129 confirmatus
2681 1078 2779 1130 eet

505 1143 750 1218 Rulacu
808 1156 879 1219 in
932 1157 1214 1219 absoluto
1269 1165 1580 1218 tractuum
1637 1157 2094 1233 Occiduorum,
2169 1155 2392 1235 quibus
2452 1166 2774 1237 praeerat,

505 1243 796 1389 ἰωΡωῖζοῐ.
879 1327 1087 1409 Ergo
1066 1349 1121 1390 is
1149 1337 1221 1390 nt
1244 1326 1520 1390 emissem
1549 1327 1722 1391 clade
1751 1327 2052 1408 Cetbugee
2078 1325 2315 1407 Syriam
2344 1337 2772 1407 recuperes-et,

509 1436 672 1477 enno
701 1413 954 1496 Hegiree
969 1418 1117 1492 659,
1145 1415 1255 1497 qui
1282 1417 1478 1498 coepit
1508 1435 1543 1475 e
1571 1415 1669 1477 die
1697 1420 1739 1483 6
1761 1415 2106 1476 Decembris
2128 1416 2275 1474 enni
2304 1412 2539 1474 Christi
2569 1418 2769 1488 1260,

510 1513 573 1564 et
600 1512 1036 1582 consequenter
1076 1502 1340 1564 excessit
1382 1503 1447 1563 in
1488 1513 1719 1584 partem
1758 1504 2082 1563 maximam
2111 1500 2255 1561 anni
2294 1499 2532 1561 Christi
2569 1507 2765 1575 126¹,

506 1590 815 1670 ingentem
863 1608 1115 1651 suorum
1168 1590 1507 1652 exercitum
1556 1610 1629 1651 eo
1679 1589 1847 1650 misit
1888 1589 2047 1649 duce
2097 1587 2365 1668 quodam
2418 1588 2767 1669 Gagae-io,

509 1677 613 1757 qui
644 1686 864 1737 cuncta
890 1677 1092 1758 primo
1135 1676 1408 1739 adventu
1440 1677 1625 1738 facile
1657 1678 1899 1756 subegit
1941 1675 2239 1737 Halebum
2270 1695 2502 1756 usque,
2547 1676 2764 1755 pluri-

504 1765 623 1824 mis
668 1765 890 1843 passim
934 1762 1360 1823 obsistentium
1406 1763 1644 1827 occisis.
1728 1763 1838 1824 sed
1882 1783 2026 1824 cum
2057 1783 2469 1845 praepropere
2500 1765 2582 1821 ed
2608 1781 2760 1821 suos

504 1850 855 1910 revertisset
871 1893 893 1926 ,
934 1848 1428 1928 supervenientes
1453 1848 1890 1931 Aegyptiorum
1917 1867 2168 1928 magnae
2192 1850 2409 1929 copiae
2431 1848 2761 1927 Mogulen-

452 2008 465 2020 ‚
506 1935 672 1996 sibus
716 1935 919 1996 denuo
965 1935 1206 2015 Syriam
1248 1935 1627 2017 eripuerunt.
1724 1936 1977 1997 interest
2015 1943 2224 1994 nostra
2276 1931 2384 1992 hic
2428 1933 2760 1994 observare

504 2022 680 2082 cuius
710 2021 1001 2103 auspiciis
1030 2020 1179 2082 haec
1205 2032 1330 2082 tem
1348 2023 1498 2083 felix
1522 2023 1962 2103 Aegyptiorum
1986 2018 2299 2101 expeditio
2323 2020 2408 2081 sit
2436 2031 2755 2102 suscepte:

503 2110 581 2168 de
616 2107 736 2169 boc
772 2110 933 2170 enim
979 2130 1107 2169 non
1147 2109 1562 2191 perfunctorie
1609 2109 1735 2188 egit
1779 2119 1990 2169 noster
2027 2106 2431 2187 Pecbymeres
2463 2107 2510 2169 l.
2541 2110 2589 2174 8
2621 2128 2674 2168 c.
2707 2111 2752 2173 3

501 2197 548 2260 4
574 2205 634 2256 et
662 2198 705 2264 6
732 2198 883 2257 tomi
937 2195 1193 2276 prioris,
1251 2217 1349 2256 res
1391 2215 1699 2276 exequens
1741 2216 1777 2255 e
1814 2193 2113 2257 michaele
2163 2194 2527 2273 Palaeologo
2555 2204 2749 2273 gestas

501 2283 711 2342 statim
756 2304 790 2342 a
821 2284 1078 2342 solemni
1118 2304 1223 2343 sua
1265 2286 1697 2360 coronatione,
1755 2303 1938 2364 quam
1984 2282 2224 2368 accepit
2255 2280 2603 2342 ministerio
2643 2302 2750 2363 pe-

507 2366 815 2430 triarchae
870 2369 1139 2445 Arsenii,
1221 2381 1407 2451 prout
1462 2381 1750 2432 narratur
1783 2370 2008 2432 ibidem
2055 2390 2108 2430 c.
2154 2376 2216 2439 2.
2261 2369 2749 2431 demonstremus

507 2465 745 2528 autem,
787 2457 836 2517 1.
865 2459 905 2519 3
932 2457 1441 2516 Observationum
1475 2467 1822 2517 nostrarum
1855 2457 1935 2517 ed
1960 2478 2100 2517 eum
2129 2467 2362 2517 tomum
2390 2477 2446 2518 c.
2480 2454 2524 2520 4
2564 2467 2628 2516 et
2652 2461 2747 2532 10,

508 2563 641 2602 eam
688 2544 1143 2603 coronationem
1188 2542 1548 2604 celebratam
1585 2543 1774 2604 fuisse
1815 2563 1979 2604 enno
2012 2542 2240 2604 Christi
2271 2547 2463 2618 1261,
2508 2542 2634 2603 hoc
2660 2553 2752 2605 est

504 2629 619 2689 illo
654 2628 787 2710 ipso
834 2630 900 2689 in
943 2651 1067 2711 quo
1117 2650 1285 2691 nunc
1326 2640 1608 2692 versetur
1642 2629 2172 2710 Abulpharagius,
2240 2650 2380 2689 eum
2423 2650 2750 2690 numerans

505 2715 767 2795 liegii-ae
802 2718 952 2783 659.
1041 2717 1254 2777 scribit
1280 2717 1463 2797 igitur
1490 2718 1631 2779 loco
1660 2716 1843 2777 modo
1874 2717 2147 2778 indicato
2175 2714 2583 2795 Pachymeree
2607 2715 2753 2777 soli-

508 2803 700 2863 citum
752 2803 1101 2865 michaelem
1142 2804 1219 2865 de
1246 2805 1365 2865 sibi
1401 2803 1766 2866 stabiliendo
1802 2824 2015 2865 recens
2051 2812 2231 2886 parto
2257 2801 2555 2882 imperio,
2601 2822 2753 2883 quoe

508 2889 776 2950 maxime
807 2903 1086 2973 potentes
1120 2892 1278 2951 circa
1319 2913 1383 2952 sc
1430 2893 1741 2973 principes
1779 2891 2063 2968 videbat,
2112 2890 2229 2951 sibi
2264 2889 2594 2949 conciliare
2617 2900 2752 2951 stu-

511 2976 736 3037 duisse.
821 2998 895 3038 ac
942 2979 1118 3039 facile
1166 2979 1476 3039 videntem
1519 2981 1790 3040 eminere
1831 2988 1984 3039 tunc
2021 2978 2242 3060 opibus
2270 2975 2434 3037 inter
2451 2974 2752 3037 finitimos

513 3062 804 3143 dynastes
830 3063 1064 3124 Clialeii
1094 3065 1435 3147 principem
1459 3065 1912 3139 Tocharorum,
1957 3066 2078 3127 hoc
2111 3076 2200 3126 est
2236 3064 2531 3140 Halacu,
2576 3063 2752 3124 cuius

512 3151 727 3210 crebro
762 3152 1036 3212 meminit
1064 3151 1584 3233 Abulplnn·sgius,
1631 3164 1692 3213 et
1733 3154 2044 3214 Sultenem
2079 3151 2486 3232 Aethiopum,
2526 3150 2756 3211 utrius-

511 3256 630 3316 que
672 3239 926 3316 gratiam
961 3239 1187 3299 ambire
1233 3240 1449 3298 officiis
1482 3240 2010 3323 legationibusque
2047 3241 2378 3301 affectasse.
2466 3257 2542 3299 ee
2574 3257 2755 3297 occe-

510 3323 683 3382 sione
724 3324 801 3385 de
842 3326 1096 3384 Sultane
1140 3325 1500 3405 Aethiopum
1552 3337 1888 3399 memorat,
1947 3327 2134 3388 fuisse
2173 3326 2347 3385 illum
2381 3343 2607 3404 genere
2641 3325 2758 3385 Co-

509 3430 756 3470 manum
776 3458 794 3487 ‚
839 3431 991 3490 quoe
1014 3413 1178 3490 regio
1203 3423 1292 3471 est
1324 3431 1520 3494 prope
1553 3414 1816 3475 Pontum
1851 3415 2200 3487 Euxinum;
2243 3411 2393 3471 binc
2419 3411 2571 3473 olim
2600 3432 2756 3473 ven·

510 3495 708 3556 ditum
739 3498 800 3555 in
836 3498 1192 3559 servitutem
1228 3501 1520 3580 Aegyptio
1549 3500 1819 3577 domino,
1861 3522 1971 3562 sua
1997 3501 2130 3560 illic
2158 3499 2464 3559 industrie
2494 3501 2754 3560 serviles

509 3592 752 3644 catenas
788 3584 854 3644 in
885 3586 1116 3663 regium
1145 3586 1416 3646 diadema
1447 3599 1865 3649 commutasse.
1951 3588 2211 3648 eundem
2239 3587 2408 3646 addit
2446 3587 2512 3646 in
2537 3587 2754 3667 primis

507 3671 872 3750 prudentem
915 3671 1227 3749 habitum3
1289 3684 1349 3734 et
1382 3673 1549 3754 quod
1590 3675 1658 3734 in
1709 3680 1988 3755 Aegypto
2036 3683 2213 3733 natos
2263 3694 2480 3753 parum
2521 3672 2754 3734 habiles

508 3758 744 3818 bellicis
791 3758 1100 3820 laboribus
1143 3759 1412 3837 videret,
1469 3760 1684 3822 emisse
1719 3782 1941 3844 pueros
1982 3781 2200 3840 magno
2239 3781 2494 3821 numero
2537 3780 2574 3821 e
2605 3762 2754 3840 Scy-

505 3842 634 3904 thie
685 3856 745 3905 et
787 3845 919 3906 eliis
959 3846 1304 3925 regionibus
1353 3858 1522 3908 trans
1569 3849 1866 3921 Pontum,
1928 3848 2149 3929 quibus
2181 3847 2344 3928 apud
2384 3868 2452 3909 se
2495 3847 2752 3907 nutritis

507 3930 771 3993 fortibus
804 3933 1026 3993 deinde
1063 3934 1359 3995 militibus
1410 3934 1735 4015 utebatur,
1783 3937 2172 4018 permittente
2203 3935 2267 3995 id
2293 3934 2750 4007 commercium,

511 4036 725 4096 magno
766 4019 855 4079 rei
898 4019 1269 4081 Christianae
1313 4023 1717 4100 detrimento,
1791 4025 2161 4104 imperatore
2207 4019 2544 4082 Michaele:
2600 4019 2749 4081 hinc

511 4104 673 4163 enim
704 4116 947 4165 auctum
981 4107 1203 4187 opibus
1234 4110 1493 4189 Aegypti
1518 4110 1833 4171 Sultenem
1856 4111 2103 4170 Latinos
2136 4110 2536 4169 Palaestinam
2571 4125 2749 4165 occu-

512 4201 726 4271 pantes
764 4193 933 4252 illinc
980 4195 1308 4273 expulisse.
1394 4196 1548 4257 haec
1589 4198 2024 4278 Pachymeres;
2083 4217 2238 4276 quae
2289 4196 2554 4255 inultum
2594 4193 2746 4251 illu-

510 4288 783 4337 slrantur
808 4301 923 4337 con
888 4282 1258 4359 tuperatione
1293 4304 1430 4341 cum
1462 4284 1539 4343 iis
1572 4305 1724 4364 quae
1755 4284 2247 4365 Abulpbaragius
2271 4282 2392 4342 hoc
2427 4283 2566 4340 loco
2591 4279 2745 4339 scri-

512 4364 627 4427 bit.
716 4366 805 4423 ait
834 4386 1035 4443 enim,
1082 4380 1407 4448 postquam
1440 4372 1718 4433 Kutuzus
1758 4374 2223 4433 'lurcomannus
2255 4367 2518 4449 Aegypti
2547 4364 2748 4427 domi-
