3084 4850
872 359 1037 431 un.
1073 357 1193 431 111.
1294 357 2053 431 OEBONOOEGICUS.
2433 356 2592 433 ⁷9⁷

337 531 748 615 dignationem
768 531 834 593 in
863 529 1181 593 Catelanoa
1210 535 1273 591 et
1313 527 1499 592 duces
1523 543 1770 602 eorum,
1814 536 2071 610 propter
2096 523 2498 591 atrocissimas
2524 528 2594 592 in

336 640 513 681 snam
555 630 796 696 gentem
834 618 1119 695 iniurias,
1160 636 1496 697 numquam
1532 621 1660 678 sara
1689 617 1818 676 aine
1852 615 2078 677 indicio
2119 612 2593 697 perturbationis

337 726 423 767 ex
463 704 805 766 vehementi
842 704 983 765 odio
1013 724 1223 765 eorum
1255 703 1647 779 recordante,
1688 703 1948 783 ideoque
1986 704 2341 783 imperfecta
2370 703 2595 765 desun-

335 801 516 874 gente
558 791 943 852 distinctione
981 800 1043 851 et
1083 790 1482 873 explicatione
1526 789 1878 851 necessaria.
1963 781 2110 850 huie
2155 799 2231 849 ut
2272 809 2387 869 pro
2426 781 2596 851 virili

336 878 693 940 medeamur
718 878 1121 954 incommodo,
1160 877 1227 938 in
1251 878 1503 959 gratiam
1529 877 1773 938 lectoris
1795 876 2053 939 studiosi
2082 876 2393 937 confusam
2416 876 2596 938 istam

338 965 678 1043 congeriem
715 963 816 1025 bic
848 965 1163 1041 evolvere,
1218 975 1282 1025 et
1316 959 1745 1043 chronologica
1779 962 2069 1024 methodo
2105 963 2230 1026 suis
2262 973 2397 1023 acta
2429 963 2597 1023 eius-

336 1052 510 1113 modi
540 1060 600 1112 et
624 1060 838 1113 eventa
867 1051 1098 1133 singula
1138 1052 1376 1132 alligare
1403 1042 1648 1133 epochis
1675 1049 2084 1133 aggredimur,
2125 1049 2298 1111 initio
2333 1070 2368 1109 a
2398 1050 2594 1131 prima

337 1139 653 1199 Rontzarii
685 1148 748 1199 et
780 1139 1203 1201 Catelanorum
1231 1153 1266 1200 e
1296 1138 1501 1200 Sicilia
1523 1139 1592 1199 in
1619 1147 1813 1200 terras
1835 1136 2156 1199 orientalis
2181 1137 2416 1219 imperii
2440 1155 2595 1198 evo·

339 1228 581 1286 catione
612 1225 818 1286 ducto.

515 1313 592 1377 11.
688 1313 911 1373 Narrat
959 1310 1004 1375 l.
1053 1310 1098 1377 5
1151 1330 1207 1379 c.
1258 1316 1342 1379 12
1386 1309 1784 1392 Pachymeres
1811 1327 1831 1373 ε
1891 1311 2321 1393 imperatorem
2375 1329 2598 1391 parum

339 1399 633 1481 praesidii
672 1398 963 1461 adversus
988 1399 1305 1459 Persarum
1342 1400 1716 1480 irruptiones
1754 1399 1823 1459 in
1849 1399 2186 1460 orientales
2212 1398 2449 1480 imperii
2490 1417 2600 1457 re-

338 1487 548 1567 giones
581 1486 647 1546 in
675 1487 945 1547 Romana
976 1485 1191 1545 militia
1219 1488 1654 1565 reperientem,
1697 1485 1954 1565 ideoque
1986 1487 2284 1568 respicere
2317 1493 2599 1546 coactum

339 1581 599 1634 externa
628 1572 872 1646 auxilia,
917 1573 1182 1652 primum
1214 1571 1594 1633 Phar-endam
1627 1573 1891 1632 Tzimem
1932 1592 2070 1633 cum
2095 1592 2284 1632 manu
2310 1573 2598 1647 militum,

342 1680 500 1740 quos
544 1678 579 1718 e
620 1659 734 1719 sibi
775 1659 1037 1719 subditis
1077 1667 1452 1735 armaverat,
1498 1660 1806 1740 suppetias
1848 1659 2016 1721 ultro
2047 1658 2388 1720 venientem
2424 1668 2598 1737 grate

342 1746 681 1827 excepisse3
723 1766 797 1807 ac
829 1755 1141 1826 praeterea
1170 1744 1518 1807 offerentem
1554 1765 1617 1805 se
1644 1745 1720 1805 ad
1748 1745 1908 1806 idem
1937 1766 2046 1824 per
2089 1745 2295 1807 literas
2318 1746 2596 1805 Rontze-

339 1833 510 1895 rium
541 1832 753 1914 amplis
793 1830 1243 1892 conditionibus
1283 1833 1601 1907 invitasse,
1646 1833 1865 1912 quibus
1894 1832 1995 1893 ille
2033 1842 2346 1913 permotus
2383 1840 2595 1913 postea

343 1939 491 1981 cum
522 1940 739 2000 magno
770 1918 976 1980 navali
1003 1919 1279 1980 exercitu
1300 1920 1537 1980 venerit
1565 1919 2165 2000 Constantinopolim.
2248 1919 2426 1981 istius
2453 1920 2597 1979 An·-

344 2006 671 2068 ‹lronicum
705 2006 871 2068 inter
898 2015 962 2068 et
994 2006 1385 2067 nont-crium
1420 2027 1529 2087 per
1569 2008 1775 2068 literas
1819 2007 2080 2068 invicem
2116 2006 2372 2088 scriptas
2409 2007 2594 2067 initae

341 2094 787 2175 stipulataequa
834 2094 1253 2155 conventionis
1290 2102 1529 2175 tempus
1572 2115 1698 2154 non
1730 2095 1949 2155 diserte
1985 2103 2269 2155 notatum
2314 2114 2348 2151 a
2378 2102 2593 2153 nostro

338 2180 670 2258 historico,
716 2200 794 2241 ex
838 2201 1052 2254 causa,
1096 2199 1216 2260 qua
1253 2179 1574 2240 inductum
1602 2180 1682 2240 ad
1714 2199 1846 2241 eam
1871 2180 2295 2239 tractationem
2322 2180 2596 2239 Rontze-

338 2268 508 2328 rium
540 2268 657 2345 ait,
702 2265 1102 2327 divinandum
1146 2275 1255 2325 eat.
1339 2265 1553 2326 sca-ibit
1578 2275 1780 2326 autem
1811 2265 1915 2325 ille
1940 2265 2335 2325 Rontzerium
2368 2283 2445 2325 ex
2471 2263 2595 2324 mi-

339 2353 454 2413 lite
501 2351 713 2433 templi
755 2361 895 2434 post
932 2360 1168 2433 captam
1205 2350 1281 2411 ab
1322 2350 1719 2434 Aethiopibus
1752 2343 1913 2433 (boc
1949 2361 2043 2414 est
2085 2350 2401 2412 Saracenis
2438 2350 2598 2412 duce

340 2440 600 2501 Sultane
633 2437 890 2520 Aegypti
934 2438 1123 2499 Melec
1164 2440 1343 2501 Seras
1370 2437 1574 2522 dicto)
1615 2439 2078 2516 Ptolemaidem,
2140 2439 2495 2502 ditissimam
2532 2446 2598 2501 et

340 2526 810 2587 munitissimam
846 2525 1058 2587 urbem
1096 2525 1452 2588 Phoeniciae
1501 2527 1708 2606 (quod
1740 2543 1899 2588 anno
1933 2521 2162 2589 Christi
2190 2530 2353 2595 1291
2387 2526 2484 2588 die
2514 2528 2598 2594 18

340 2615 479 2691 vel,
524 2621 598 2674 ut
624 2613 755 2692 alii,
801 2617 880 2679 19
912 2613 1054 2674 Maii
1087 2614 1402 2694 contigisse
1430 2625 1714 2677 accurate
1736 2616 2100 2696 Spondanus
2136 2614 2242 2676 illo
2282 2633 2443 2675 anno
2476 2612 2598 2678 do·-

342 2709 446 2761 cet
486 2721 564 2762 ex
594 2700 993 2781 scriptoribus
1026 2701 1269 2762 illorum
1306 2703 1691 2784 temporum)
1737 2723 1922 2763 manu
1964 2701 2214 2764 collecte
2242 2701 2358 2763 sibi
2396 2700 2600 2762 obno-

340 2788 627 2865 xiorum,
670 2796 1090 2868 quaestuosum
1121 2789 1474 2868 aliquandiu
1516 2808 1626 2870 per
1662 2790 1762 2851 ills
1792 2790 1977 2850 maria
2010 2789 2331 2869 piraticam
2366 2787 2597 2864 secisse,

342 2876 655 2956 partisque
690 2876 918 2954 magnis
950 2876 1165 2958 opibus
1190 2875 1421 2937 ducem
1450 2877 1572 2936 iam
1606 2874 1811 2936 classis
1838 2875 2073 2937 validae
2096 2874 2407 2954 friderico
2435 2873 2599 2935 Sici-

341 2962 492 3021 liam
529 2961 827 3022 obtinenti
857 2961 1374 3041 (Theuderichum
1405 2954 1574 3023 bunc
1611 2982 1926 3044 perperam
1959 2971 2146 3023 vocat
2171 2955 2595 3041 Pachymeres)

342 3048 667 3109 militarem
713 3048 891 3128 longo
924 3058 1197 3130 tempore
1235 3049 1380 3110 certi
1410 3047 1686 3131 pactione
1717 3049 1998 3130 stipendii
2035 3068 2281 3129 operam
2314 3066 2591 3120 navasse,
2624 3057 2673 3113 P
2707 3059 2742 3115 5

342 3135 510 3195 bello
537 3133 703 3214 quod
739 3133 840 3194 ille
883 3135 1173 3196 adversus
1200 3129 1505 3196 ecclesiam
1532 3135 1772 3196 rebellis
1798 3148 2012 3197 contra
2043 3136 2327 3197 Carolum
2349 3134 2595 3215 gerebat

342 3221 602 3302 Apuliae
636 3239 855 3302 regem.
940 3230 1247 3283 caeterum
1278 3219 1400 3283 hoc
1426 3222 1677 3283 tandem
1702 3223 1860 3284 bello
1885 3216 2257 3303 nuptialibus
2287 3221 2598 3283 conditio-

344 3310 528 3371 nibus
559 3309 880 3389 dirempto,
922 3307 1140 3389 quibus
1166 3309 1477 3370 Ecaterina
1508 3310 1663 3390 regis
1692 3311 1886 3372 Caroli
1919 3310 2042 3372 filia
2069 3310 2223 3389 regia
2247 3308 2433 3371 Siculi
2462 3310 2594 3371 fra·—

342 3396 429 3457 tri
457 3396 748 3458 collocata
774 3396 885 3473 sit,
926 3395 1317 3457 Rontserium
1346 3395 1596 3457 haerere
1623 3399 1875 3479 amplius
1903 3397 1967 3458 in
1997 3397 2196 3458 Sicilia
2222 3414 2351 3459 non
2374 3398 2594 3458 valen-

342 3492 493 3559 tem,
536 3481 702 3563 quod
728 3503 865 3552 eum
888 3483 1199 3544 Romanus
1230 3484 1506 3564 pontifex
1532 3484 1674 3545 dedi
1705 3486 1816 3546 sibi
1853 3484 2226 3567 puniendum
2258 3505 2296 3545 a
2322 3503 2459 3565 rege
2492 3486 2594 3545 Si-

343 3569 490 3631 culo
512 3568 828 3651 poscebat,
872 3580 1116 3650 pactum
1148 3568 1225 3630 de
1251 3588 1373 3649 quo
1404 3570 1669 3632 diximus
1694 3573 1894 3633 iniisse
1922 3593 2061 3635 cum
2094 3572 2470 3654 Andronico.

521 3656 621 3717 111.
704 3660 797 3716 lta
824 3657 911 3718 ibi
940 3656 1366 3736 Pachymeres‚
1408 3657 1473 3718 in
1513 3659 1696 3721 rebus
1734 3680 1887 3740 quae
1920 3660 1996 3720 de
2026 3661 2229 3721 alienis
2267 3658 2447 3720 terris
2487 3666 2597 3719 aut

344 3742 630 3823 gentibus
664 3743 858 3804 obiter
890 3753 1219 3820 memorat,
1251 3763 1362 3804 suo
1391 3765 1561 3807 more
1600 3746 1958 3808 balbutiens.
2044 3747 2242 3810 voluit
2270 3747 2432 3807 enim
2463 3746 2596 3805 aina

346 3828 540 3890 dubio
576 3829 701 3890 illic
739 3830 1009 3893 indicare
1038 3851 1246 3913 pacem
1282 3832 1507 3896 factam
1549 3854 1711 3895 anno
1744 3834 1964 3896 Christi
2000 3839 2166 3902 1802
2202 3835 2365 3895 inter
2397 3832 2595 3892 Caro-

341 3916 478 3977 lum
504 3932 702 3996 regem
724 3917 1000 3999 Neapolis
1026 3930 1089 3978 et
1118 3917 1495 3980 Fridericum
1523 3920 1588 3982 in
1616 3922 1813 3983 Sicilia
1845 3921 2278 3997 dominantem,
2321 3938 2442 3999 qua
2465 3939 2594 3980 non

342 4002 669 4063 Ecaterina
699 4004 807 4065 sed
838 4007 1131 4067 Eleonora
1185 4005 1341 4085 regis
1390 4008 1591 4069 Caroli
1632 4009 1791 4087 filia,
1833 4030 1958 4069 non
2003 4005 2179 4068 fratri
2217 4008 2373 4085 regis
2406 4006 2596 4066 Siculi

342 4088 455 4149 aed
480 4090 595 4170 ipsi
621 4090 928 4153 Friderico
956 4093 1251 4173 desponsa
1275 4095 1503 4156 coniux
1538 4106 1650 4172 est,
1697 4107 1886 4177 prout
1913 4095 2256 4156 Fridericus
2283 4095 2411 4175 ipse
2436 4102 2596 4152 atte-

339 4185 546 4237 statur
581 4176 648 4236 in
682 4176 1092 4240 instrumento
1123 4183 1541 4245 conventionis
1578 4184 1751 4245 istius
1788 4184 2025 4264 publice
2066 4181 2402 4262 peripsum
2428 4181 2597 4242 edito

340 4263 425 4325 ad
456 4265 739 4325 Castrum
765 4265 1006 4327 Novum
1033 4266 1130 4350 die
1161 4271 1238 4334 19
1269 4272 1489 4331 mensis
1517 4269 1770 4350 Augusti
1802 4291 1960 4331 anno
1988 4268 2212 4329 Christi
2246 4273 2446 4336 1302.
2490 4269 2597 4327 in·

340 4351 614 4413 dictione
654 4352 770 4428 16,
813 4353 982 4433 quod
1021 4362 1224 4415 totum
1265 4358 1485 4422 recitat
1528 4358 1829 4420 Odoricus
1876 4356 2210 4417 Rainaldus
2257 4373 2330 4415 eo
2353 4356 2596 4431 Annali,

338 4438 512 4506 unda
555 4439 942 4504 manifestum
976 4450 1075 4506 est
1113 4441 1191 4503 ab
1231 4440 1345 4518 ino,
1382 4444 1504 4508 iam
1550 4454 1825 4526 tempore
1867 4444 2110 4508 institui
2149 4452 2435 4526 coeptum
2474 4461 2600 4503 esse
