3084 4850
880 415 1044 487 ΠΒ.
1069 416 1183 486 ῙΠ.
1264 417 2026 489 CHRONOLOGICUS.-
2410 418 2564 494 827

321 594 508 650 ratus
531 605 669 648 cum
705 585 831 648 sato
861 586 1108 647 functus
1136 592 1258 665 est,
1301 584 1467 667 qnod
1505 585 1760 667 contigit
1785 608 1943 650 anno
1971 586 2227 670 Hegirae
2253 592 2380 658 687
2391 635 2410 668 ,
2455 594 2565 670 qui

321 674 542 756 coepit
578 692 613 732 a
653 670 754 733 die
798 677 841 740 6
877 670 1190 734 Februarii
1235 692 1396 733 anno
1428 671 1651 734 christi
1689 677 1870 743 1288.
1955 674 2169 738 haeres
2213 677 2564 758 Ortogrulis

324 760 609 821 Othman
650 760 799 837 suit,
841 758 943 818 cui
984 767 1056 819 ut
1090 759 1154 818 in
1198 758 1580 842 Karaiaptagi
1618 759 1969 843 principatu
2014 762 2176 845 patri
2212 765 2565 827 succederet

317 866 528 927 prono
570 846 782 907 favore
824 842 1121 906 Aladinus
1159 843 1451 923 indulsit,
1496 855 1561 908 et
1598 866 1772 925 eum,
1816 848 2017 929 quoad
2042 849 2173 932 ipse
2199 851 2468 932 perstitit
2496 850 2566 912 in

318 932 637 1014 potentia,
681 929 990 992 beneficiis
1032 929 1207 994 fovit.
1290 952 1504 994 verum
1538 931 1799 995 Aladino
1829 944 1889 996 et
1915 936 2089 997 annis
2118 936 2238 996 iam
2277 937 2472 997 fracto
2504 946 2566 999 et

320 1020 547 1101 opibus
580 1018 914 1094 diminuto,
956 1028 1027 1079 ut
1054 1018 1174 1078 iam
1202 1019 1465 1101 amplius
1495 1019 1677 1082 armis
1702 1020 2139 1102 Mogulensinm
2185 1022 2299 1085 sub
2334 1021 2563 1084 chat-fi

321 1115 391 1170 et
420 1107 625 1188 Apaga
651 1105 718 1166 in
746 1104 882 1165 istis
908 1104 1181 1185 partibus
1214 1105 1692 1187 praevalentium
1736 1126 1810 1167 ac
1850 1120 2069 1170 cuncta
2109 1109 2562 1191 subiugantium

319 1212 445 1275 par
471 1190 848 1252 sustinendis
889 1189 1056 1252 baud
1083 1191 1276 1269 soret,
1318 1212 1417 1253 rea
1454 1191 1569 1254 sibi
1600 1213 1738 1254 suas
1768 1214 1943 1274 agere
1977 1194 2310 1258 Othmanea
2341 1197 2563 1279 coepit,

322 1287 390 1339 et
435 1279 705 1361 propriis
756 1277 1043 1359 auspiciis
1096 1276 1158 1336 in
1215 1277 1473 1340 Romani
1521 1279 1761 1360 imperii
1806 1282 2158 1363 provincias
2203 1282 2565 1366 irrumpere,

320 1385 454 1426 non
485 1363 728 1445 praedis
760 1365 962 1426 solum
992 1362 1137 1424 inde
1168 1365 1476 1444 abigendis
1503 1365 1810 1445 intentus,
1852 1366 1959 1429 sed
2001 1376 2063 1429 et
2104 1368 2343 1431 arcibus
2380 1378 2564 1450 atque

320 1449 582 1512 urbibus
616 1449 839 1513 ibidem
880 1450 1278 1534 occupandis.
1366 1452 1534 1531 quod
1578 1461 1862 1534 coeptum
1891 1474 2030 1516 cum
2057 1453 2112 1514 ei
2135 1473 2214 1515 ex
2237 1463 2387 1516 voto
2412 1475 2562 1516 suc-

322 1536 637 1615 cessisset,
685 1537 1048 1619 expugnatis
1073 1546 1135 1598 et
1160 1537 1465 1619 praesidio
1497 1559 1744 1601 suorum
1778 1539 2023 1602 insessis
2049 1540 2272 1602 validis
2300 1540 2560 1622 quibus-

321 1621 469 1684 dam
510 1623 989 1699 munitionibus,
1032 1623 1209 1688 unda.
1224 1623 1542 1704 regionum
1574 1624 1699 1685 illis
1721 1624 2124 1688 adiacentium
2152 1627 2329 1694 facile
2358 1628 2559 1689 domi-

320 1708 497 1770 nium
538 1708 657 1769 sibi
698 1720 1067 1791 perpetuum
1107 1719 1438 1787 assereret,
1494 1711 1767 1772 Sultanis
1806 1722 1937 1773 tum
1979 1711 2223 1774 demum
2265 1714 2554 1792 Otlnnan,

318 1795 441 1856 hoc
483 1803 576 1855 est
615 1795 885 1878 supremi
925 1795 1251 1876 principis,
1292 1791 1546 1856 titulum
1579 1797 1780 1879 palam
1824 1799 2179 1881 usurpavit,
2232 1820 2394 1862 anno
2432 1800 2556 1862 Be-

316 1881 485 1962 girae
516 1885 676 1957 699,
721 1881 892 1942 cuius
919 1881 1215 1942 kalendae
1247 1880 1620 1945 Muharrami
1657 1882 2006 1946 inciderunt
2032 1884 2101 1946 in
2130 1885 2291 1948 diem
2322 1890 2409 1956 28
2433 1890 2553 1948 Se-

316 1967 619 2052 ptembris
650 1967 795 2029 anni
827 1965 1051 2029 Christi
1077 1971 1275 2037 1299..

494 2053 604 2117 111.
688 2054 997 2116 Hactenus
1038 2055 1230 2115 relata
1261 2053 1337 2116 de
1370 2052 1695 2116 Othmanis
1725 2055 2077 2140 primordiis
2107 2056 2363 2120 tradunt
2397 2059 2556 2119 Ara-

319 2140 428 2203 bes
472 2140 838 2224 scriptores;
882 2162 1027 2202 cum
1071 2141 1292 2223 quibus
1340 2162 1696 2222 comparare
1729 2145 1986 2227 sparsim
2026 2145 2104 2205 de
2139 2143 2237 2205 his
2266 2155 2487 2207 asserta
2518 2168 2556 2207 s

318 2224 734 2309 Pschymere‚
776 2248 849 2287 ac
891 2246 1073 2309 quam
1118 2227 1268 2289 haec
1310 2227 1389 2289 iia
1431 2237 1571 2309 apte
1607 2238 1949 2309 congruant
1987 2231 2333 2308 ostendere,
2377 2231 2553 2295 labor

319 2312 616 2395 deinceps
658 2333 829 2374 meua
867 2313 965 2374 sit.
1049 2313 1361 2396 principio
1402 2323 1611 2395 repeto
1652 2336 1807 2396 quaa
1835 2315 1900 2376 in
1930 2315 2064 2399 ipso
2105 2317 2203 2378 sui
2229 2318 2432 2399 operis
2457 2317 2552 2379 li-

316 2399 489 2463 mine
530 2408 743 2461 noster
785 2397 1114 2461 historicus
1152 2400 1339 2481 partis
1373 2404 1404 2465 1
1449 2399 1493 2461 1.
1519 2407 1555 2468 1
1602 2423 1634 2460 a
1672 2423 1728 2467 c.
1756 2406 1797 2468 3
1829 2402 1908 2463 ad
1942 2407 1982 2470 6
2029 2404 2160 2466 fuse
2201 2403 2445 2466 disserit
2474 2404 2553 2466 de

317 2486 583 2549 arcibus‘
595 2485 809 2546 limitis
836 2485 1165 2548 orientalis
1189 2487 1494 2547 Romanae
1517 2486 1771 2549 ditionis
1791 2499 2007 2551 eontra
2033 2491 2336 2553 Persidem
2360 2491 2553 2572 deque

318 2574 574 2635 illarum
598 2583 904 2633 momento
932 2572 1008 2633 ad
1038 2572 1293 2634 tutelam
1327 2573 1600 2656 imperii3
1636 2586 1779 2643 ‚tum
1808 2576 1884 2638 de
1913 2598 2097 2659 cura,
2141 2597 2258 2659 qna
2293 2598 2392 2640 eas
2420 2599 2554 2640 am-

316 2660 492 2743 plexi
538 2660 921 2722 dominantes
957 2658 1206 2721 Nicaeae
1249 2670 1393 2741 post
1426 2660 1704 2724 amissam
1732 2665 2321 2746 Constantinopolim
2356 2665 2555 2746 impe-

320 2755 562 2808 ratores
610 2745 828 2808 Graeci
866 2746 1094 2828 optime
1126 2747 1545 2810 consuluerint
1592 2749 1961 2832 reipublicae
2006 2751 2343 2813 numerosis
2384 2752 2556 2814 viro-

316 2853 463 2896 rum
508 2831 765 2894 sortium
805 2832 1125 2916 praesidiis
1164 2834 1231 2895 in
1273 2855 1344 2895 eo
1382 2834 1577 2907 limite
1601 2837 2030 2915 auctorandis,
2073 2858 2215 2898 cum
2243 2838 2552 2916 largorum

317 2920 769 3000 stipendiorum
812 2920 934 2981 fida
974 2920 1282 2982 solutione
1317 2921 1393 2982 ad
1425 2921 1627 2999 diem,
1674 2931 1807 2985 tum
1834 2923 2236 3002 assignatione
2264 2943 2546 3002 agrorum
2589 2934 2632 2988 Ρ
2661 2934 2713 2988 6(

316 3007 386 3065 in
422 3006 528 3066 illa
553 3005 778 3066 vicinia
811 3015 874 3068 et
902 3007 1288 3069 concessione
1328 3006 1586 3088 praedae
1614 3009 1810 3069 omnis
1844 3030 2020 3091 quam
2048 3030 2125 3070 ex
2159 3008 2371 3070 hostili
2402 3031 2546 3088 agro

313 3092 561 3153 infestis
586 3091 1039 3154 incursionibus
1067 3104 1318 3176 possent
1337 3093 1677 3156 corradere.
1761 3095 2079 3175 innuitque
2104 3096 2182 3156 ad
2206 3096 2272 3158 id
2300 3096 2545 3156 adbibi-

313 3187 416 3240 tos
443 3198 481 3237 s
502 3178 862 3258 Byzantinis
883 3179 1170 3259 Augustis
1198 3189 1439 3243 exteros
1467 3180 1759 3261 probatae
1776 3182 2025 3244 virtutis
2049 3193 2112 3244 et
2137 3183 2545 3264 experientiae

314 3264 678 3327 bellicarum
703 3284 946 3341 rernm3
989 3286 1249 3345 quorum
1286 3267 1512 3327 multos
1537 3267 1702 3345 illic,
1745 3289 1862 3349 qua
1891 3268 2106 3351 spoliis
2135 3290 2211 3330 ex
2238 3267 2414 3331 hoste
2436 3290 2542 3330 ra-

317 3352 483 3435 ptis,
528 3371 648 3433 qua
688 3349 1077 3432 pensionibus
1119 3372 1261 3412 cum
1302 3351 1425 3413 fide
1470 3354 1835 3432 numeratis,
1883 3376 1997 3436 qua
2029 3355 2330 3417 fructibus
2363 3356 2540 3416 ‹lato-

314 3458 456 3500 rum
490 3437 642 3520 ipsis
671 3457 988 3516 agrorum,
1034 3457 1278 3517 magnas
1307 3438 1558 3517 adeptos
1587 3438 1832 3500 divitias
1864 3442 1979 3517 ait,
2022 3441 2185 3502 unde
2208 3451 2380 3502 tanto
2408 3452 2537 3503 ter-

313 3523 625 3587 ribiliores
650 3523 931 3585 hostibus
956 3522 1190 3599 fierent,
1236 3544 1309 3583 ac
1334 3525 1553 3585 fortius
1579 3536 2035 3606 propugnarent
2060 3528 2360 3588 Romanas
2386 3550 2540 3610 pro·

313 3611 590 3689 vincias,
632 3610 903 3671 barbaris
945 3610 1164 3691 procul
1208 3610 1369 3672 intra
1411 3611 1684 3692 ipsorum
1727 3621 1916 3674 terras
1947 3613 2049 3674 vel
2079 3622 2309 3676 terrore
2339 3615 2539 3676 conti-

313 3697 570 3773 nendis,
630 3697 731 3758 vel
768 3696 831 3758 vi
868 3697 1202 3777 armisque,
1244 3696 1293 3757 si
1334 3718 1650 3779 erumpere
1692 3710 2092 3776 conarentur,
2134 3700 2540 3765 retrudendis.

310 3802 447 3846 non
490 3784 742 3845 videtur
785 3783 1034 3844 dubium
1062 3784 1210 3865 quin
1245 3806 1361 3866 par
1391 3784 1456 3844 in
1485 3786 1854 3847 contrarium
1888 3807 2030 3847 cura
2065 3787 2255 3848 suerit
2286 3787 2536 3847 infesto-

312 3889 456 3930 rum
482 3871 758 3931 Romano
787 3869 1018 3931 nomini
1054 3879 1112 3931 et
1143 3869 1513 3932 Christianae
1537 3872 1809 3952 religioni
1842 3875 2276 3935 Saracenorum
2308 3871 2542 3955 princi-

311 3974 501 4037 pum,
546 3964 658 4018 aut
705 3955 1004 4018 Persidem
1046 3966 1152 4017 aut
1195 3957 1427 4017 vicinas
1456 3959 1510 4019 ei
1532 3958 1712 4019 limiti
1755 3957 2106 4041 provincias
2141 3959 2254 4019 sub
2289 3979 2395 4020 sua
2428 3958 2538 4017 di·-

311 4042 485 4102 tione
509 4041 864 4104 habentium
889 4064 906 4118 3
950 4042 1112 4104 inter
1137 4063 1290 4123 quos
1317 4044 1613 4105 Aladinus
1641 4045 1760 4105 suit.
1790 4046 2047 4127 dynasta
2070 4045 2271 4106 sedem
2298 4044 2536 4126 imperii

310 4125 543 4189 habens
587 4129 807 4206 Iconii,
870 4150 1025 4211 quae
1069 4139 1160 4190 est
1203 4129 1349 4189 urbs
1393 4130 1729 4212 Lycaoniae
1770 4131 2075 4212 primaria.
2168 4151 2354 4211 quare
2399 4152 2538 4190 cnm

310 4214 481 4297 apud
512 4214 742 4277 Arabas
764 4214 1086 4277 historicos
1110 4216 1361 4296 legimus
1391 4227 1707 4278 evocatum
1739 4218 1814 4277 ab
1839 4216 1955 4279 hoc
1981 4238 2058 4278 ex
2081 4216 2536 4298 Transeuphra-

309 4301 466 4363 tensi
496 4302 744 4379 regione
776 4303 1165 4383 Ortogrulein
1202 4323 1339 4363 cum
1375 4303 1602 4363 familia
1648 4314 1708 4365 et
1742 4304 1901 4367 inter
1931 4313 2164 4364 montes
2196 4305 2536 4383 'l'nmulagii

309 4400 371 4449 ct
397 4387 746 4462 Armeniae,
790 4388 857 4448 iu
894 4389 1035 4449 loco
1079 4389 1250 4449 cuius
1276 4389 1396 4470 ipsi
1420 4388 1798 4469 toparchiam
1835 4390 2231 4465 concesserit,
2276 4390 2530 4451 colloca-

313 4484 439 4536 tum
460 4521 480 4556 ,
524 4473 865 4554 intelligere
905 4475 1190 4537 debemus
1226 4475 1395 4536 illam
1434 4479 1966 4560 Karaiaplagam‚
2007 4477 2310 4557 regionem
2353 4475 2526 4538 attri-
