3084 4850
620 356 669 429 7
673 354 773 429 26
1185 348 1711 433 ’OBSERVAL
1763 354 2256 426 PAOEYMER.

445 535 452 554 ·
490 528 597 589 517
799 525 984 610 p.16
1018 542 1085 588 v.
1129 523 1233 592 18
1317 523 1703 607 cuppae-ium
1736 525 2089 606 fuctum-3⁸⁹2
2176 520 2321 587 vide
2373 543 2509 586 rem
2559 538 2882 591 namta-

620 611 750 679 vol.
772 546 843 675 lp
834 633 894 694 p.
926 610 1057 679 495
1079 629 1214 691 nqq·

795 718 849 759 c.
876 699 939 762 8.
1025 695 1244 758 Obiter
1282 695 1386 758 hic
1424 694 1887 764 admonuerim.
1933 714 2090 778 qnae
2131 693 2253 757 hoc
2286 695 2491 777 capite
2527 697 2884 760 traduntur

759 788 840 852 16
868 802 931 846 v.
955 787 1109 849 6—
1027 803 1196 867 —p.
1224 788 1305 851 17
1330 802 1393 848 v.
1415 784 1493 862 6)
1525 781 1604 842 de
1631 782 1911 844 iraudata
1940 781 2463 844 achiamaticorum
2492 782 2649 843 odio
2677 787 2886 846 anima

617 788 991 936 ffichaeha
969 867 1351 954 imperatoria
1393 868 1460 930 in
1498 868 1770 929 Romana
1812 868 2243 929 communione
2301 867 2535 931 mortui
2591 868 2884 933 aubaidio

617 954 1031 1041 piacularium
1073 974 1423 1055 aacrorum,
1461 963 1523 1014 et
1557 964 1869 1034 tamquam
1907 953 2391 1016 irrevocabiliter
2430 954 2692 1017 addicta
2716 957 2884 1017 Tar-

618 1054 779 1120 taro,
823 1041 1169 1104 declarata'
1151 1041 1424 1122 incapaci
1449 1038 1728 1102 habenda
1752 1039 2183 1121 auffragiorum
2209 1041 2518 1119 eccleaiae,
2565 1063 2734 1122 qnae
2769 1063 2882 1124 pro

616 1130 743 1212 piia
769 1129 837 1189 in
865 1128 966 1189 dei
993 1128 1241 1189 caritate
1274 1126 1611 1199 defunctio,
1656 1147 1782 1188 non
1816 1146 1933 1209 pro
1967 1126 2081 1188 deo
2119 1128 2320 1189 exoaia
2350 1137 2414 1189 ct
2444 1129 2514 1188 in
2547 1149 2669 1190 auo
2705 1128 2882 1209 gravi

613 1223 873 1299 peccato
920 1214 1181 1276 mortuia
1220 1212 1427 1276 offerri
1472 1233 1809 1275 conauever
1814 1223 1958 1291 unt,
2014 1212 2162 1274 aatia
2211 1213 2646 1276 demonstrare
2696 1235 2880 1296 qnam

618 1301 843 1365 falaum
887 1300 997 1378 eit,
1043 1300 1210 1382 quod
1238 1299 1451 1377 multi,
1499 1302 1861 1381 praesertim
1892 1298 2286 1380 heterodoxi,
2326 1301 2717 1383 persuadere
2739 1310 2881 1363 aunt

618 1387 860 1465 conati,
905 1386 1242 1448 doctrinam
1288 1385 1358 1446 in
1397 1386 1652 1448 ecclesia
1696 1388 1968 1448 Romana
1997 1397 2305 1471 receptam
2334 1386 2412 1449 de
2435 1389 2815 1470 purgatorio
2842 1408 2879 1450 a

620 1473 871 1536 Graecia
888 1473 1130 1554 penitae
1154 1473 1344 1535 reiici.

791 1580 856 1641 p.
886 1563 968 1629 19
997 1579 1064 1621 v.
1099 1558 1202 1626 15.
1279 1568 1429 1640 post
1464 1555 1627 1617 diem
1659 1560 2065 1638 trigesimam.
2151 1557 2399 1620 videtur
2433 1557 2728 1620 indicare
2761 1559 2876 1621 tri·

617 1645 903 1728 geaimam
938 1646 1198 1728 primam
1224 1643 1574 1708 Decembris
1607 1642 1795 1703 diem:
1836 1665 1903 1705 ea
1949 1645 2111 1706 enim
2148 1653 2241 1705 eat
2263 1656 2415 1725 pose
2452 1648 2872 1726 anguimanu-

619 1733 786 1795 unde
812 1733 1027 1793 festum
1058 1731 1232 1793 cuiua
1261 1730 1446 1813 paulo
1473 1739 1614 1812 poet
1641 1729 1711 1788 fit
1745 1731 2010 1806 mentio,
2055 1731 2240 1792 suerit
2274 1740 2495 1791 octava
2526 1732 2872 1792 nativitati·

621 1829 684 1881 ct
713 1817 1095 1880 circumcisio
1130 1817 1364 1879 domini
1392 1838 1427 1876 a
1462 1837 1716 1897 vespera
1749 1817 2060 1897 pridiana,
2107 1827 2178 1878 ut
2209 1815 2315 1896 fit,
2358 1816 2694 1898 incipiena.
2781 1818 2871 1879 aic

620 1906 878 1967 inseriua
916 1928 979 1989 p.
1002 1910 1089 1974 22
1131 1924 1192 1966 v.
1218 1909 1261 1971 6
1311 1903 1522 1986 quinta
1575 1904 1841 1964 [annanii
1886 1904 1998 1965 sub
2042 1923 2353 1985 veaperam
2386 1902 2624 1964 {catum
2661 1903 2870 1966 Theo-

618 1991 1026 2076 phaniorum,
1070 2000 1179 2051 aut
1201 2002 1271 2051 ut
1296 2011 1408 2050 noa
1438 2010 1760 2067 vocamus,
1803 1989 2178 2072 Epiphaniae
2218 1988 2516 2051 celebrari
2571 2002 2866 2073 coeptum

615 2077 928 2152 innuitur,
973 2077 1120 2139 dum
1157 2077 1246 2136 ibi
1281 2076 1498 2137 aci-ibit
1545 2038 1878 2136 hinton-leue
1909 2096 1972 2139 v.
2001 2081 2080 2142 12
2119 2075 2276 2137 datie
2300 2075 2648 2159 unicuique
2676 2078 2868 2139 cereis

614 2173 866 2249 peracta
891 2164 1078 2226 suiaee
1105 2164 1448 2261 quaese-eti·
1464 2164 1634 2221 ritae
1647 2163 1960 2242 poscebat.

789 2269 842 2315 c.
883 2254 926 2317 8
960 2259 1023 2310 et
1060 2253 1123 2317 9.
1211 2247 1385 2324 Quae
1427 2247 1495 2309 in
1533 2247 1634 2308 hia
1676 2247 1982 2328 capitibua
2024 2247 2298 2321 duobua,
2356 2246 2467 2308 aed
2507 2247 2864 2310 distinctim

615 2337 686 2398 in
728 2339 802 2410 9,
845 2336 923 2397 de
966 2334 1168 2396 Vecco
1209 2334 1545 2395 traduntur
1582 2344 1642 2395 et
1690 2334 1819 2395 eiua
1862 2334 2193 2410 eententia,
2239 2331 2666 2394 declaratione
2696 2333 2863 2395 indi-

619 2432 801 2504 gent,
842 2432 915 2484 ut
941 2421 1019 2483 iia
1045 2419 1275 2504 apeciea
1306 2420 1586 2483 dematur
1612 2418 2006 2504 ἕτεροδοξίας.
2088 2440 2357 2504 pronum
2394 2418 2636 2502 quippe
2677 2420 2860 2484 fuerit

619 2530 748 2572 non
775 2510 1162 2590 praemunito
1188 2508 1436 2586 lectori,
1479 2508 1585 2569 ubi
1616 2507 2130 2576 viden-iuvencum
2153 2514 2475 2587 negantem
2502 2507 2706 2569 filium
2733 2527 2859 2571 asae
2951 2529 2962 2545 ·

621 2616 902 2674 canaam,
933 2593 1053 2656 hoc
1075 2603 1167 2655 eat
1192 2594 1571 2676 principium
1589 2638 1609 2670 ,
1650 2593 1903 2674 apiritua
1920 2639 1938 2671 ,
1982 2614 2345 2655 concausam
2372 2592 2511 2655 aive
2539 2597 2858 2677 comprin-

618 2682 852 2764 cipium
890 2701 1028 2743 cum
1072 2690 1273 2761 patre,
1319 2679 1586 2763 denique
1610 2680 2030 2741 subiicientem
2062 2680 2427 2741 anathemati
2457 2690 2592 2742 tam
2626 2681 2856 2763 eoaqui

617 2788 689 2830 ea
717 2767 1018 2830 aenaerint
1047 2786 1123 2826 ac
1148 2765 1443 2847 dixerint,
1486 2786 1671 2846 quam
1700 2767 1806 2846 qui
1830 2767 1923 2828 aic
1957 2766 2333 2848 eapientibua
2363 2775 2428 2828 et
2457 2768 2855 2848 loquentibna

613 2855 873 2918 acientea
924 2854 1535 2930 communicaverint,
1599 2872 1885 2915 accuaare
1934 2853 2140 2936 ipaum
2193 2853 2744 2936 praevaricationi·
2787 2855 2853 2914 in

618 2962 800 3003 cauea
836 2948 1116 3022 euacepta
1158 2940 1504 3022 purgandae
1538 2938 1615 3000 ab
1649 2938 1915 3001 haeresia
1955 2939 2304 3023 anapicione
2335 2939 2664 3001 doctrinae
2691 2939 2854 3001 Lati-

613 3047 839 3089 norum
881 3027 1045 3089 circa
1087 3025 1538 3108 proceaaionem
1586 3026 1853 3109 Spiritu·
1891 3027 2101 3088 Sancti
2144 3046 2222 3087 ex
2261 3035 2439 3108 patre
2463 3025 2723 3109 filioque
2743 3034 2851 3087 aut

613 3115 822 3197 potina
864 3112 1143 3196 pudendi
1187 3113 1395 3195 lapaua
1430 3113 1499 3173 in
1541 3133 1809 3175 errorem
1853 3113 2228 3175 Graecorum
2266 3135 2301 3173 a
2343 3113 2564 3173 Latina
2602 3113 2852 3175 eccleaia

615 3203 971 3261 damnatum
989 3246 1010 3280 ,
1052 3197 1344 3261 aientium
1384 3218 1418 3259 a
1455 3209 1632 3282 patre
1660 3200 1795 3261 eolo
1823 3201 2155 3281 procedere
2185 3199 2488 3283 Spiritum
2518 3202 2846 3275 Sanctum5

616 3308 655 3345 a
680 3287 903 3368 quibua
930 3287 983 3347 ia
1014 3295 1216 3347 tamen
1241 3284 1441 3367 culpis
1474 3286 1822 3367 longiaaime
1845 3286 2059 3349 abfuit.
2144 3285 2638 3348 animadvertere
2669 3287 2848 3367 igitur

617 3394 772 3454 opua
804 3382 912 3444 eat,
948 3371 1258 3434 catholica
1285 3371 1495 3434 doceri
1518 3374 1773 3435 veritate
1796 3393 1925 3435 non
1947 3394 2075 3435 eaee
2099 3373 2221 3434 niai
2248 3393 2442 3434 unum
2475 3373 2842 3455 principium

619 3464 680 3521 S.
700 3460 963 3543 Spiritus
979 3504 999 3538 ,
1039 3459 1186 3520 licet
1207 3458 1260 3519 ia
1287 3478 1363 3519 ex
1380 3470 1566 3540 patre
1586 3461 1960 3540 per-filium,
2001 3470 2075 3521 ut
2103 3460 2321 3522 Graeci
2345 3468 2558 3543 patrea
2577 3461 2844 3543 loquun-

614 3557 754 3623 tur,
796 3556 862 3608 et
900 3567 969 3605 ex
1002 3557 1190 3626 patre
1216 3545 1521 3627 filioque,
1571 3556 1642 3607 ut
1670 3547 1866 3607 Latini
1902 3566 2049 3609 vere
2084 3546 2461 3608 declarantes
2501 3546 2670 3607 idem
2700 3568 2841 3627 pro-

613 3633 828 3694 serunt
848 3674 866 3704 ,
913 3631 1223 3713 procedat.
1307 3642 1485 3714 pater
1525 3632 1686 3693 enim
1719 3642 1789 3693 ut
1823 3633 2142 3696 eaaentiam
2168 3642 2231 3694 et
2263 3642 2546 3692 naturam
2577 3633 2838 3693 divinam

612 3719 745 3780 filio
796 3738 912 3801 per
956 3718 1406 3800 generationem
1456 3719 1898 3798 communicat,
1947 3720 2032 3780 ita
2068 3719 2262 3780 eidem
2299 3719 2678 3800 principium
2710 3720 2837 3800 api-

614 3827 759 3868 rans
784 3807 919 3867 aive
944 3805 1337 3887 apirationem
1366 3804 1626 3865 activam
1653 3806 1873 3884 tradit,
1921 3806 2072 3866 adeo
2099 3816 2172 3866 ut
2200 3805 2713 3886 quemadmodum
2737 3826 2837 3864 ea·-

613 3894 749 3954 dem
781 3911 1038 3954 numero
1066 3901 1283 3952 natura
1307 3899 1370 3953 et
1404 3891 1658 3952 eaaentia
1688 3892 1893 3953 divina
1919 3891 2084 3974 patri
2107 3892 2387 3973 filioque,
2431 3891 2576 3952 licet
2606 3891 2834 3953 duabua

614 3980 840 4060 alioqui
875 3976 1177 4040 distinctia
1210 3979 1481 4061 peraonia
1510 3981 1702 4055 ineat,
1743 3979 1828 4039 ita
1867 3977 2238 4061 principium
2272 3979 2519 4060 apirana
2542 3979 2674 4039 aive
2703 3976 2834 4055 api-

615 4066 771 4126 ratio
813 4065 1014 4127 activa
1054 4085 1180 4126 una
1224 4064 1553 4145 eademque
1597 4084 1848 4125 numero
1884 4066 1950 4125 in
1993 4074 2165 4148 patre
2205 4074 2557 4145 generante,
2602 4064 2667 4125 in
2709 4063 2833 4122 mio

613 4152 816 4232 genito
842 4151 1176 4234 reperitur,
1214 4150 1379 4212 unde
1405 4150 1473 4211 fit
1497 4160 1569 4212 ut
1594 4173 1672 4210 ex
1697 4151 1884 4213 unico
1911 4152 2217 4233 principio
2244 4151 2539 4233 procedat
2566 4149 2831 4233 spiritua,

617 4239 1007 4317 quantumvia
1036 4238 1101 4299 id
1130 4235 1502 4319 principium
1538 4238 1785 4299 unicum
1819 4238 2243 4299 indistinctum
2272 4239 2338 4298 in
2361 4237 2597 4299 duabus
2625 4257 2832 4318 pereo·

614 4323 714 4384 nia
750 4323 1034 4384 aubaiatat
1059 4323 1503 4384 identificatum
1539 4325 1805 4402 utrique.
1891 4325 2056 4386 unde
2081 4324 2264 4385 etiam
2293 4325 2366 4385 fit
2393 4335 2498 4399 ut,
2545 4321 2709 4403 quod
2738 4321 2827 4380 di-

612 4418 770 4471 serte
818 4409 1005 4472 tradit
1050 4412 1110 4470 S.
1150 4409 1442 4472 Maximus
1476 4410 1540 4472 iu
1584 4411 1740 4471 Diaz.
1768 4431 1904 4472 cum
1933 4411 2180 4487 auom„
2223 4422 2398 4495 pater
2435 4413 2498 4474 S.
2542 4407 2832 4491 Spiritum
