3084 4850
662 388 817 464 672
1171 336 1186 347 ⁸
1278 387 1761 460 onsmvar.
1810 387 2292 459 Psenmau.

657 578 765 631 sus
790 555 1209 642 reperiendam
1229 558 1388 619 atria·
1413 555 1806 620 mentionem.
1889 567 1953 619 et
1979 556 2149 640 qnod
2178 555 2511 621 Plurantnes
2539 553 2911 619 dibmnbazs

657 650 729 711 in
758 645 985 730 plurali
1018 644 1245 729 posuit,
1276 644 1618 727 significare
1643 654 1799 728 puto
1825 644 2095 707 voluisse
2122 645 2356 726 gemina
2385 643 2754 707 candelabri
2782 645 2913 705 bre-

660 733 834 813 chia,
887 753 1152 815 quorum
1194 752 1371 794 suam
1426 731 1908 814 unumquodque
1953 733 2284 794 sustineret
2323 732 2705 815 lampadem.
2791 735 2911 813 quis

658 821 822 885 enim
853 828 1027 901 neget
1067 829 1319 902 perspte
1346 818 1566 883 cadere
1592 839 1836 882 sensnm
1866 818 2053 883 istum
2079 818 2148 881 in
2173 817 2324 882 haec
2346 820 2533 883 verba
2563 841 2723 882 cum
2750 819 2913 880 Iam-

649 907 933 992 padilma
959 903 1053 967 ad
1086 904 1461 967 dibamlmla
1479 907 1511 966 Ρ

830 993 1077 1076 Opponi
1119 993 1424 1056 adversus·
1460 991 1613 1054 haec
1652 1001 1866 1076 posset
1905 1011 1984 1054 ex
2026 991 2211 1056 modo
2251 991 2500 1055 laudato
2528 992 2912 1069 Balnmons,

660 1082 1027 1162 singularem
1073 1078 1466 1162 imperatoris
1504 1081 1694 1142 fuisse
1723 1079 2202 1162 praerogativam
2233 1079 2499 1162 praeviis
2528 1081 2788 1141 duabus
2816 1100 2913 1163 per

657 1170 974 1234 ecclesiam
1012 1167 1291 1228 incedere
1331 1166 1750 1248 lampadibus,
1798 1166 1999 1247 qualis
2024 1187 2139 1227 nec
2165 1165 2545 1249 patriarchae
2575 1188 2659 1228 ec
2699 1189 2780 1229 ne
2806 1165 2912 1249 ipsi

657 1256 907 1339 quidem
939 1254 1311 1336 imperatrici
1351 1255 1754 1315 tribuebatur.
1840 1253 1941 1315 his
1986 1254 2147 1317 enim
2190 1253 2383 1315 tradit
2413 1255 2750 1316 Balsamon
2784 1256 2913 1316 sin-

654 1344 830 1426 gulas
857 1351 1095 1403 tantum
1126 1340 1419 1423 praeferri
1448 1340 1673 1402 solidas
1713 1340 2046 1425 lampades.
2131 1340 2211 1402 ad
2240 1339 2358 1401 hoc
2386 1340 2623 1422 duplex
2654 1362 2913 1426 respon-

653 1433 747 1492 sio
790 1450 922 1490 mea
971 1436 1083 1492 est.
1167 1431 1374 1510 prior.
1417 1449 1542 1489 non
1583 1429 1786 1489 omnia
1831 1448 1985 1510 quae
2025 1427 2241 1510 primis
2284 1427 2567 1509 auspiciis
2610 1428 2913 1490 ineundae

656 1515 969 1597 dignitatis
1010 1514 1369 1595 quibusdam
1413 1514 1866 1594 magistratibus
1893 1514 2158 1595 legitime
2187 1513 2520 1593 dabantur,
2565 1517 2791 1577 eadem
2832 1516 2912 1576 it·

653 1605 820 1667 idem
861 1602 1213 1684 quotidiano
1255 1600 1418 1664 vitae
1459 1623 1575 1663 usn
1618 1603 1824 1668 tribui.
1913 1613 2067 1684 quot
2104 1601 2479 1663 ceremoniae
2520 1601 2913 1685 imperatori·

654 1691 797 1771 bus,
835 1688 1099 1770 regibus,
1139 1688 1274 1750 aliis
1305 1688 1687 1773 principibus
1717 1688 2157 1770 inaugurandis
2182 1689 2573 1767 adhibentur,
2619 1712 2782 1772 quas
2811 1709 2913 1751 ne·

654 1779 749 1841 sas
778 1786 869 1839 est
895 1779 1057 1840 ultra
1084 1777 1262 1838 illum
1293 1776 1451 1837 diem
1483 1776 1726 1859 repeti?
1770 1777 1856 1837 sic
1886 1787 1947 1838 et
1975 1776 2039 1836 in
2082 1775 2445 1858 patriarchis
2475 1777 2913 1838 Constantino-

653 1864 946 1947 politanis
975 1864 1332 1925 institutum
1360 1862 1550 1924 fuisse
1592 1862 1797 1943 potuit
1834 1872 1905 1923 ut
1937 1863 2137 1944 prima
2168 1862 2489 1924 dumtaxat
2520 1863 2913 1925 ordinatione

656 1949 1012 2013 dibambnlo
1052 1946 1537 2027 honorarentur,
1581 1946 1818 2031 reliqua
1857 1948 1985 2009 vita
2014 1969 2155 2009 cum
2197 1948 2520 2029 prodirent
2563 1969 2687 2030 per
2726 1950 2913 2011 eccle-

653 2036 843 2115 siam,
891 2057 1023 2099 non
1067 2035 1190 2097 nisi
1233 2033 1775 2097 monobsmbulum
1818 2033 1969 2117 ipsis
2013 2034 2319 2117 praeiret,
2362 2044 2437 2096 nt
2475 2036 2696 2097 multia
2732 2035 2911 2098 hodie

651 2121 1578 2293 {ejtzzzpzussssz‘zsz‘sgzazn
1609 2120 2912 2290 ⁰:?15.‡:1¹“:.3?ffi‡22²„¹;5'255:3m·⁶⁸³³m'⁵·

868 2256 888 2288 ,
1548 2255 1565 2272 .
1856 2254 1875 2272 .

647 2299 815 2362 inter
840 2297 1215 2360 Balsamonis
1246 2308 1308 2361 et
1336 2296 1727 2380 Pachymeris
1756 2305 2035 2360 aetatem.
2118 2316 2260 2357 nam
2290 2306 2537 2357 centnm
2570 2297 2705 2359 sere
2735 2297 2909 2358 annis

645 2384 970 2448 Balsamon
1002 2383 1373 2467 Pachymere
1415 2384 1730 2468 antiquior
1771 2394 1886 2448 est.
1973 2404 2044 2448 eo
2095 2394 2299 2447 autem
2337 2383 2677 2447 intervallo
2720 2385 2909 2449 mults

645 2482 886 2535 constat
919 2473 988 2533 in
1032 2472 1494 2552 magistratuum
1539 2472 2076 2535 ecclesiasticorum
2117 2481 2180 2534 et
2206 2471 2621 2534 saecularium
2653 2495 2909 2557 praero-

644 2559 869 2639 gativis
914 2569 974 2620 et
1012 2555 1355 2620 honoribus
1393 2557 1580 2619 fuisse
1618 2559 1959 2623 immutata.
2045 2558 2215 2620 unde
2242 2580 2514 2642 pronum
2543 2570 2642 2622 est
2670 2561 2911 2623 creditu
3042 2591 3043 2594 ¹

645 2646 722 2708 ab
752 2643 1222 2729 imperatoribus
1262 2643 1694 2723 schismaticis,
1731 2665 1911 2708 suum
1942 2646 2700 2728 Constantinopolitanum
2734 2648 2909 2710 thro—

642 2753 796 2795 num
839 2732 917 2793 ad
956 2732 1258 2794 invidiam
1288 2740 1350 2793 et
1396 2731 1844 2814 depressionem
1884 2732 2067 2793 etiam
2111 2733 2383 2792 omnium
2427 2732 2623 2815 primi
2655 2732 2910 2794 Romani
3042 2743 3043 2756 ¹

645 2819 960 2882 ambitiose
999 2819 1280 2881 attollere
1320 2818 1727 2897 certantibus,
1788 2818 1966 2880 facile
2006 2817 2126 2879 isto
2167 2818 2365 2900 spatio
2408 2838 2779 2883 eoncessum
2820 2829 2909 2897 nt,
3042 2845 3043 2882 f

644 2927 789 2969 cum
832 2916 1007 2969 antea
1051 2907 1235 2969 nnius
1278 2907 1655 2989 praelatione
1682 2905 1983 2989 lampadis
2011 2903 2400 2989 patriarchae
2425 2903 2905 2981 honorarentur,

647 2994 934 3077 deinceps
973 2993 1249 3077 bilyclmi
1283 3015 1525 3076 quoque
1566 2994 1812 3055 lucerna
1858 2991 1998 3075 (qui
2041 3000 2172 3054 erat
2211 3002 2390 3053 antea
2430 2992 2585 3053 solia
2616 2994 2907 3074 Augustis
3042 3015 3043 3066 ι

650 3089 996 3143 reservatus
1023 3081 1241 3160 honos)
1285 3091 1427 3144 ante
1468 3083 1640 3164 ipsos
1667 3089 1912 3164 portata
1939 3079 2251 3163 conspicui
2291 3076 2729 3143 ambularent
2708 3103 2776 3143 ιιι
2804 3101 2906 3141 ec-

651 3167 863 3268 clesia,
904 3177 1031 3230 tam
1078 3168 1276 3251 prima
1319 3169 1641 3251 potestatis
1683 3168 2081 3252 usurpatione
2112 3187 2296 3249 quam
2328 3165 2643 3248 deinceps.
2726 3168 2907 3250 eligat

479 3301 484 3308 .
652 3253 859 3332 igitur
882 3275 1112 3338 aequus
1151 3254 1346 3317 lector
1385 3265 1591 3318 utrum
1628 3257 1835 3334 malit,
1880 3276 1957 3317 an
1997 3265 2193 3317 aetate
2236 3273 2485 3335 quoque
2522 3254 2905 3318 Balsamonis

438 3344 484 3403 P
516 3341 621 3402 472
655 3342 1367 3424 Constantinopolitanae
1396 3342 1821 3426 patriarchas
1801 3363 1869 3403 ιιι
1900 3342 2097 3426 prima
2126 3341 2586 3402 consecratione
2616 3361 2768 3422 usos
2800 3343 2903 3402 Di-

650 3426 972 3505 bembulo,
1013 3428 1080 3489 in
1111 3429 1390 3512 reliquo,
1432 3431 1612 3491 etiam
1642 3430 2091 3492 solemnitatum
2121 3447 2514 3508 magnarum,
2558 3447 2679 3510 per
2705 3430 2901 3492 eecle-

652 3515 806 3576 siam
851 3515 1092 3575 incessu
1129 3515 1603 3578 Monobambulo
1642 3527 2000 3593 contentos,
2049 3536 2130 3577 an
2169 3524 2455 3576 neutrum
2504 3514 2657 3576 dum
2686 3517 2901 3578 Balsa-

645 3620 796 3664 mou
824 3600 1114 3664 scriberet
1145 3622 1495 3665 concessum
1524 3605 1702 3685 ipsis,
1749 3613 2096 3683 utrumque,
2137 3609 2249 3661 aut
2275 3600 2492 3661 saltem
2522 3602 2722 3684 prins,
2762 3613 2901 3664 anta

644 3684 808 3750 hanc
850 3688 1072 3750 editam
1104 3708 1140 3747 a
1170 3687 1534 3770 Pacbymere
1565 3690 1878 3752 historiam
1911 3686 2264 3787 Byzantinis
2308 3686 2490 3748 fuisse
2519 3690 2899 3752 antistitibus

644 3795 761 3858 per
801 3796 939 3837 suos
987 3774 1297 3858 principes
1326 3776 1653 3838 indultum.
1738 3775 2137 3838 confirmatur
2165 3771 2340 3855 prior
2366 3778 2690 3858 responsio
2718 3797 2799 3839 ex
2826 3797 2897 3839 ee

643 3862 810 3943 quod
842 3864 932 3924 ait
959 3861 1308 3937 Balsamon,
1353 3862 1658 3944 episcopis
1687 3873 1929 3946 praeter
1963 3857 2372 3944 patriacham
2402 3872 2464 3922 et
2492 3884 2728 3945 pancos
2760 3863 2897 3925 exi-

595 3944 604 3956 '
641 3949 763 4011 mie
792 3948 1144 4026 honoratos,
1187 3960 1260 4010 nt
1290 3950 1478 4033 Cypri
1507 3960 1569 4012 et
1596 3949 1913 4029 Bulgariae
1940 3946 2451 4030 archiepiscopos,
2479 3950 2676 4012 fnisse
2701 3961 2898 4010 caete-

640 4036 730 4096 ris
757 4047 1035 4118 negatam
1066 4036 1134 4096 in
1164 4057 1447 4119 processu
1487 4058 1603 4119 per
1631 4036 1973 4113 ecclesiam,
2016 4035 2389 4096 solemnibus
2432 4037 2619 4099 etiam
2662 4036 2897 4112 diebus,

638 4122 826 4185 unius
869 4123 1304 4205 praelationem
1345 4125 1681 4209 lampadis;
1723 4144 1840 4205 qua
1883 4130 2086 4183 tamen
2129 4117 2272 4183 illos
2316 4122 2384 4182 in
2428 4123 2634 4205 prima
2682 4121 2897 4183 saltem

637 4207 1093 4288 inauguratione
1122 4210 1306 4274 fnisse
1334 4212 1760 4274 cohonestatos
1787 4209 1899 4272 vix
1928 4217 2130 4292 potest
2159 4209 2238 4271 ob
2266 4210 2550 4292 superius
2578 4209 2757 4282 dicta
2775 4207 2894 4268 dn-

639 4294 847 4358 bitari.
934 4297 1150 4378 quidni
1187 4318 1329 4379 ergo
1374 4298 1464 4361 sic
1511 4300 1754 4361 dicatur
1793 4298 1871 4358 de
1899 4293 2238 4380 patriarcha
2266 4317 2554 4378 quoque,
2599 4296 2671 4355 ιιι
2697 4294 2893 4376 prims

638 4380 733 4441 illi
763 4381 1226 4462 inauguratione
1254 4385 1669 4448 dibambulum
1696 4404 2081 4463 concessum3
2137 4383 2207 4446 in
2235 4383 2492 4464 reliquis
2536 4379 2894 4441 ceremoniis

650 4466 1186 4535 monobambulum
1211 4471 1597 4543 dumtaxat.
1638 4480 1919 4557 superest
1959 4479 2031 4536 ut
2057 4469 2472 4553 veriloquium
2499 4487 2723 4532 vocum
2748 4465 2893 4529 ista·
