3084 4850
535 402 687 477 828
1144 404 1628 476 OBSERVAT.
1678 398 2161 479 PAcnYMER.

529 573 749 636 butam
774 572 1092 655 Ortogruli
1118 572 1196 635 ab
1218 571 1484 636 Aladino
1498 619 1524 654 ,
1568 575 1756 639 fuisse
1782 576 2085 639 confinem
2115 577 2406 639 Romanis
2428 577 2560 640 illis
2589 578 2778 641 mods

533 660 880 722 memoratis
928 660 1204 740 arcibus3
1248 670 1311 723 et
1362 660 1615 723 militiae
1656 663 1791 724 illic
1841 664 2076 726 dudum
2124 666 2492 727 constitutae
2537 666 2780 746 lateque

533 748 955 810 formidandae
998 747 1541 830 stipendiariorum
1584 760 1936 812 exterorum
1974 751 2261 811 Romanis
2293 753 2587 831 Augusti·
2619 753 2781 812 mili·

532 836 831 915 tantiam,
874 834 1222 918 oppositam
1261 855 1297 894 ι
1339 836 1592 897 sultano
1629 835 1896 902 Aladino
1938 838 2117 897 iatam
2156 837 2476 899 cohortem
2518 859 2781 920 aequen-

529 922 685 983 tium
733 922 1046 983 fortunam
1085 921 1435 1001 Ortogrulis
1472 943 1727 1006 peregre
1776 924 2019 1006 appulsi
2061 925 2442 998 'furem-um,
2493 926 2605 1005 qui
2632 946 2783 1006 qua-

529 1007 851 1089 dringenta
895 1008 1026 1070 illic
1067 1007 1459 1071 tabernacula
1503 1012 1901 1093 complerent.
1990 1011 2210 1091 quodsi
2250 1022 2495 1093 tempus
2531 1011 2783 1092 indage·

527 1116 665 1157 mus
707 1115 833 1178 quo
859 1095 1148 1176 migrasse
1178 1095 1641 1179 Karaiaptagam
1665 1118 1700 1160 e
1734 1098 1872 1181 ripa
1898 1094 2230 1179 Euphratis
2262 1097 2566 1159 ulteriore
2596 1098 2785 1160 Orto-

525 1183 726 1285 grulis
778 1182 1070 1244 familiam
1109 1181 1338 1244 Arabes
1382 1182 1696 1262 indicant,
1757 1184 2130 1267 reperiemus
2170 1185 2301 1246 sere
2339 1185 2686 1246 convenire
2720 1185 2784 1245 in

525 1269 938 1353 principatum
982 1267 1231 1329 Ioannis
1274 1269 1590 1351 Batatzae,
1636 1271 1741 1351 qui
1777 1271 2032 1332 Nicaeae
2064 1271 2313 1332 Graecis
2339 1272 2680 1354 imperavit
2710 1270 2787 1330 ab

529 1377 692 1417 anno
730 1360 900 1426 1228
929 1355 1009 1417 ad
1040 1354 1242 1433 1256,
1287 1376 1411 1442 quo
1457 1355 1730 1418 moriens
1775 1378 2186 1419 successorem
2234 1357 2456 1419 habuit
2497 1358 2786 1419 Theodo-

529 1463 670 1506 rum
694 1441 912 1503 filium.
1000 1462 1111 1524 per
1140 1442 1246 1503 illa
1278 1452 1557 1525 tempora
1590 1450 1653 1503 et
1682 1442 1829 1505 inde
1850 1443 1930 1505 ad
1954 1453 2261 1526 receptam
2288 1465 2324 1505 e
2354 1444 2593 1505 Latinis
2621 1445 2786 1504 Con·

530 1527 998 1612 stantinopolim
1048 1528 1395 1609 vigentibus
1419 1540 1480 1591 et
1505 1550 1762 1591 numero
1791 1542 1973 1611 atque
2007 1532 2318 1592 alacritate
2352 1531 2786 1613 praevalenti-

531 1616 649 1678 bus
673 1614 1084 1699 praesidiariis
1110 1616 1554 1678 limitaneamm
1576 1618 1805 1679 arcium
1833 1618 2075 1699 imperii
2105 1618 2363 1678 Romani
2391 1627 2614 1679 contra
2637 1618 2787 1680 Per-

534 1702 761 1782 sidem,
805 1703 981 1764 facile
1017 1702 1093 1763 ab
1128 1701 1255 1764 illis
1293 1704 1709 1765 sustinebatur
1734 1704 2000 1787 impetus
2024 1704 2427 1766 barbarorum
2467 1704 2532 1765 in
2575 1703 2786 1785 quoti·

536 1788 740 1851 dionis
759 1788 1218 1853 velitationibus
1254 1790 1618 1871 plerumque
1645 1790 2042 1867 inferiorum5
2087 1791 2287 1871 quoad
2323 1791 2598 1873 pessimo
2631 1812 2787 1852 con-

532 1875 677 1939 silio
710 1886 991 1957 suggesto
1026 1898 1064 1937 ι
1099 1875 1423 1955 Chadeno,
1470 1874 1732 1937 Micbse'l
1767 1877 2165 1957 Palaeologus
2200 1887 2528 1958 postquam
2564 1879 2635 1938 in
2665 1878 2784 1938 im-

532 1963 776 2047 perium
812 1962 1045 2027 invasit
1086 1963 1551 2045 circumscripto
1592 1962 1836 2045 pupillo
1878 1964 2105 2024 Ioanne
2143 1962 2452 2025 Theodori
2504 1964 2784 2026 Lauri·

532 2048 701 2128 filio,
744 2049 853 2111 ubi
895 2069 959 2112 se
1003 2048 1274 2131 potitum
1318 2048 1856 2132 Constantinopoli
1905 2050 2133 2112 Latinis
2174 2058 2381 2132 erepta
2425 2051 2624 2125 vidit,
2680 2050 2785 2110 isti

534 2136 921 2222 praesidiarii
957 2136 1214 2197 Romani
1253 2135 1465 2196 limitis
1503 2136 1717 2197 vexari
1757 2136 2063 2198 fiscalibus
2093 2137 2414 2197 calumniis
2447 2147 2514 2198 et
2536 2137 2661 2198 ad
2639 2157 2785 2197 ιιιο-

536 2224 703 2307 piam
735 2223 965 2304 redigi,
1008 2223 1322 2304 minuique
1357 2223 1504 2283 inde
1548 2243 1686 2283 cum
1726 2223 1945 2285 animis
1985 2234 2115 2285 tum
2155 2223 2392 2284 viribus
2426 2232 2493 2284 et
2527 2243 2782 2284 numero

533 2320 906 2390 coeperunt,
946 2320 1021 2371 ut
1044 2310 1263 2370 obser»
1265 2318 1328 2370 at
1356 2309 1756 2390 Pachymeres
1784 2310 2030 2372 ibidem.
2117 2310 2366 2391 quando
2397 2312 2782 2392 potissimum

533 2396 864 2479 contigisse
891 2392 1184 2459 cre‘dibile
1205 2406 1317 2474 est,
1362 2396 1526 2477 quod
1555 2395 1781 2459 Arabes
1802 2397 2104 2479 indicant,
2146 2406 2220 2459 ut
2247 2398 2618 2477 Ortogrules
2643 2417 2783 2459 cum

532 2484 661 2546 suis
700 2504 992 2566 prospere
1031 2483 1100 2544 in
1141 2485 1452 2545 Romanos
1495 2485 1829 2566 pugnando
1876 2485 2120 2547 laudem
2145 2485 2222 2545 ab
2247 2483 2557 2565 Aladino,
2602 2484 2781 2546 cuius

531 2570 817 2653 auspiciis
847 2570 1183 2646 militabat,
1227 2580 1581 2631 mereretur.

704 2656 812 2718 1v.
897 2657 1023 2718 Nec
1070 2676 1220 2718 vero
1266 2656 1445 2717 istam
1487 2656 1837 2736 Ortogrulis
1882 2666 1944 2718 et
1981 2656 2251 2717 liliorum
2299 2655 2432 2717 eius
2483 2656 2778 2717 adversus

534 2742 967 2827 praesidiarios‘
1003 2745 1409 2805 Romanarum
1449 2742 1685 2805 arcium
1721 2754 2132 2825 comparatam
2176 2763 2461 2826 operam,
2503 2752 2570 2803 et
2602 2762 2783 2824 quae-

537 2828 719 2890 sitam
750 2831 816 2890 in
851 2831 1081 2891 vicinia
1110 2850 1188 2891 ex
1214 2840 1389 2912 parte
1418 2829 1708 2892 adversae
1737 2831 2004 2893 Persidis
2029 2829 2351 2892 stationem
2377 2827 2782 2910 pachymere-

537 2915 672 2997 ipse
705 2915 1069 2978 dissimulat.
1157 2937 1231 2976 en
1261 2918 1390 2978 eins
1416 2916 1603 2979 verba
1627 2916 1752 2982 vol.
1783 2918 1812 2978 1
1841 2938 1902 3000 p.
1936 2922 2019 2985 18
2045 2936 2105 2981 v.
2131 2924 2243 2983 20:
2280 2926 2428 2998 post
2449 2916 2611 2975 haec
2629 2918 2782 2974 *iris

519 3002 818 3083 fortibus
861 3005 1019 3064 inter
1051 3004 1601 3084 Penas‚qu1buc
1633 3006 1835 3063 omnis
1866 3001 2116 3063 vivendi
2142 3023 2281 3084 spes
2310 3013 2367 3062 et
2392 3001 2672 3062 conditio
2715 3005 2783 3061 ios

538 3093 739 3151 armis
780 3100 947 3168 erat,
987 3092 1244 3150 caeceris
1278 3092 1604 3150 incutiatis
1648 3087 1742 3148 ad
1795 3089 2137 3165 nohas-oe,
2202 3091 2313 3170 qai
2348 3111 2550 3170 nuper
2586 3091 2784 3170 impe-

540 3180 708 3238 rium
734 3179 1072 3238 Persarum
1104 3186 1519 3257 occuparant,
1564 3175 2001 3236 rebellantibus
2031 3177 2233 3236 visum
2254 3188 2676 3258 opportunum
2698 3185 2783 3234 cst

540 3259 2783 3433 :35'50255‘23525‘51‘2‘22‘122‘‘32:‘54‘15.“.''.⁰'512'‘‚⁶‘';⁸.3'.2“;:;{;

544 3438 897 3515 Ortogrulis
925 3438 1185 3498 familiae
1213 3436 1582 3497 conveniant
1601 3436 2039 3520 Karaiaptagae
2063 3455 2260 3518 prope
2287 3455 2454 3497 arces
2481 3436 2784 3495 Romanas

543 3522 612 3582 in
635 3522 857 3583 finibus
889 3524 1150 3584 Persidis
1178 3524 1539 3600 collocatae,
1584 3543 1806 3624 negare
1841 3545 2022 3585 nemo
2052 3522 2317 3604 poterit,
2358 3520 2467 3600 qui
2507 3539 2785 3602 praeser-

542 3608 657 3669 tim
700 3609 1027 3671 attenderit
1061 3609 1141 3670 ad
1177 3609 1283 3670 hic
1318 3610 1649 3671 indicatam
1689 3610 1819 3671 eius
1868 3609 2245 3671 aversionem
2277 3628 2315 3667 a
2346 3604 2702 3666 Tocharis
2679 3626 2788 3665 m-

544 3695 866 3757 vasoribus
907 3695 1201 3775 Persidis,
1247 3696 1469 3778 quibua
1507 3717 1586 3758 ne
1614 3716 1831 3779 parere
1876 3705 2197 3775 cogeretur
2234 3690 2787 3754 soliman-Shalat

540 3782 893 3862 Ortogrnlis
944 3790 1153 3866 pater,
1210 3783 1354 3843 inde
1401 3783 1614 3844 relicta
1657 3783 1974 3863 provincia
2018 3782 2275 3860 fugerat.
2362 3778 2536 3840 addit
2579 3780 2785 3840 atatim

540 3867 944 3950 Pachymeres
994 3868 1421 3951 praesidiarios
1484 3869 1892 3930 Romanarum
1959 3869 2191 3928 arcium
2234 3874 2572 3947 utcumque
2626 3865 2787 3946 agris

539 3956 831 4017 multatos
865 3966 927 4017 et
952 3957 1215 4039 praedae
1250 3966 1421 4037 parte
1447 3954 1745 4037 spoliatos
1772 3953 2149 4038 imprudenti
2181 3954 2435 4015 avaritia
2468 3951 2790 4014 Michaelis

539 4042 726 4125 primi
758 4063 792 4103 e
816 4041 1227 4124 Palaeologis
1210 4042 1611 4125 imperatoris,
1657 4040 2019 4103 abstinuisse
2043 4038 2289 4122 quidem
2316 4040 2392 4100 ab
2411 4039 2786 4101 incursando

538 4126 695 4190 {ines
725 4127 1030 4207 hostium,
1075 4128 1242 4211 quod
1273 4139 1451 4190 antea
1483 4128 1810 4189 utilissime
1845 4128 2137 4204 fecerant,
2184 4135 2388 4189 tamen
2430 4144 2602 4188 arces
2636 4125 2789 4209 ipsis

542 4216 894 4277 commissas
936 4215 1055 4278 fide
1093 4217 1398 4276 constanti
1425 4214 1727 4291 tenuisse,
1772 4213 2062 4293 quamdiu
2092 4233 2326 4274 annuae
2352 4213 2681 4296 pensiones
2707 4210 2782 4271 ad

539 4301 780 4362 victum
817 4304 1187 4364 necessariae
1226 4301 1533 4385 praebitae
1574 4301 1725 4382 ipsis
1777 4319 1810 4359 e
1851 4298 2003 4360 fisco
2056 4309 2235 4361 sunt.
2295 4300 2407 4361 has
2441 4319 2597 4360 vero
2635 4297 2784 4379 ipsis

536 4387 923 4468 suppeditari
960 4388 1204 4450 desiisse
1244 4398 1383 4471 post
1419 4396 1677 4449 mortem
1722 4384 2074 4463 Michaelis,
2119 4387 2300 4448 solo
2281 4407 2403 4448 iam
2429 4383 2784 4447 Andronico

327 4481 372 4533 Ρ
405 4480 510 4538 601
543 4471 904 4556 imperante,
943 4473 1167 4538 diserte
1192 4484 1401 4536 noster
1421 4474 1634 4537 asserit
1662 4474 1786 4536 vol.
1815 4473 1872 4534 ll
1905 4492 1969 4555 p.
1999 4477 2129 4542 208
2155 4477 2347 4553 v.18,
2384 4471 2494 4535 ubi
2519 4472 2789 4533 aum
