3084 4850
589 313 635 386 8
650 314 686 385 1
696 313 742 385 8
1213 311 1698 382 OBSERVAT.
1742 310 2017 379 1²11ch
2018 303 2228 380 m.

584 478 878 542 lebrasnet
898 527 917 558 ,
974 476 1301 560 posuidie,
1359 475 1460 541 die
1497 478 1715 557 lunae,
1777 478 2067 540 convivio
2120 487 2456 561 exceptum
2499 499 2537 538 a
2581 476 2872 560 quoda-

587 566 771 628 Persa
802 566 1048 627 nomine
1078 567 1375 625 Banlmm
1394 612 1413 642 ,
1459 566 1706 638 miatum
1741 565 1816 625 ab
1850 563 1970 627 hoc
2012 565 2163 628 cibia
2204 585 2522 627 venenum
2548 563 2876 640 banaiae,

590 675 671 715 ex
696 672 815 733 quo
850 652 947 713 die
978 652 1189 712 Martis
1217 653 1423 712 statim
1462 656 1755 733 aequente
1779 654 2045 732 graviter
2076 662 2390 734 aegrotare
2414 652 2740 733 eoeperit,
2773 651 2878 711 dia

589 740 874 801 Mercurii
925 739 1215 818 contiguo
1256 748 1530 799 mortuus
1573 739 1670 802 ait.
1754 738 1926 801 hunc
1978 761 2165 817 porro
2211 739 2374 800 diem
2415 738 2735 799 Mercurii
2787 737 2880 797 ait

589 827 776 888 fuisse
811 826 1166 885 vicesimum
1210 826 1428 886 menaia
1454 824 1898 904 Dhul-Haiae,
1955 825 2059 888 hic
2103 835 2194 887 eat
2228 826 2450 887 meuaia
2489 825 2774 885 ultimus
2813 825 2882 884 in

590 935 753 974 anno
787 904 1075 972 Arabum.
1162 909 1453 972 habemus
1484 913 1553 972 in
1578 911 1677 973 hia
1716 912 2096 974 charactere·
2128 912 2321 988 duos,
2370 910 2646 972 Paachae
2677 909 2882 971 clu-i·

592 1002 932 1061 atianorum
960 1007 1020 1059 et
1048 996 1235 1059 seriae
1263 1008 1514 1078 quartae
1549 1000 1967 1060 concurrentia
1997 1001 2065 1060 in
2097 999 2257 1059 diem
2289 1002 2375 1066 20
2402 996 2880 1072 Dhul-Haiae,

592 1106 854 1168 quorum
899 1094 1113 1145 neuter
1152 1104 1312 1145 anno
1346 1085 1600 1162 Hegirae
1630 1089 1749 1153 681
1788 1087 2112 1170 competit,
2156 1094 2346 1170 prout
2371 1083 2727 1145 clarizsime
2756 1083 2879 1145 de-

591 1181 891 1234 monstro.
978 1192 1172 1231 anima
1220 1191 1392 1232 aerae
1432 1171 1806 1236 Christianae
1833 1173 2101 1253 vulgaria
2144 1173 2331 1245 1283,
2358 1170 2426 1232 iu
2459 1170 2651 1231 cuiue
2682 1191 2879 1232 men-

592 1280 722 1321 aem
755 1258 965 1318 saltem
1011 1257 1169 1317 ultra
1213 1259 1466 1319 tertium
1501 1259 1841 1320 necessario
1878 1258 2154 1320 excurrit
2194 1277 2389 1319 annua
2429 1256 2705 1337 Regino
2731 1261 2872 1324 681

594 1343 825 1428 Aprilis
855 1342 1181 1404 undecimo
1208 1345 1307 1406 die
1330 1345 1474 1405 anni
1504 1344 1921 1427 praecedentia
1951 1348 2120 1412 1282
2148 1343 2486 1422 inchoatus,
2539 1363 2690 1404 cum
2727 1344 2876 1403 sue·

595 1434 679 1495 rit
722 1431 958 1513 periodi
1005 1430 1274 1492 Iulianae
1309 1434 1503 1506 6996,
1535 1432 1779 1514 cyclum
1822 1430 2172 1492 numeravit
2208 1431 2356 1491 aolia
2388 1431 2433 1498 4
2483 1449 2631 1490 cum
2673 1429 2872 1490 litera

597 1517 951 1581 dominicali
987 1516 1068 1595 C,
1121 1518 1361 1600 cyclum
1396 1538 1547 1579 vero
1587 1519 1770 1579 lunae
1800 1524 1899 1585 11.
1986 1515 2142 1577 baec
2181 1518 2353 1598 signa
2385 1514 2618 1577 Paacha
2661 1514 2869 1576 ctu-i-

593 1607 936 1668 stianoruin
977 1603 1309 1684 indigitant
1336 1605 1400 1666 in
1438 1605 1536 1666 die
1570 1610 1649 1674 18
1680 1605 1901 1666 mentia
1931 1603 2160 1686 Aprilis
2182 1648 2200 1681 ,
2260 1603 2367 1686 qui
2398 1603 2525 1665 dica
2555 1623 2868 1663 neceesa-

594 1693 689 1753 rio
731 1701 905 1753 extra
936 1690 1190 1770 Hegirae
1217 1690 1361 1751 anmi
1396 1695 1523 1760 681
1553 1690 1707 1753 {inea
1745 1691 2029 1753 excessit.
2111 1689 2235 1752 boc
2267 1689 2514 1751 infitiari
2554 1711 2686 1750 non
2740 1709 2868 1771 po·-

592 1778 738 1840 terit
780 1775 887 1856 qui
923 1776 1112 1855 aciet,
1173 1778 1340 1856 quod
1377 1787 1613 1839 certum
1663 1786 1792 1856 eat,
1850 1797 2079 1838 annum
2128 1777 2393 1839 Arabum
2429 1776 2676 1837 Iuliano
2725 1796 2864 1836 ease

596 1863 897 1926 minorem
935 1862 1148 1923 diebus
1179 1863 1392 1923 saltem
1444 1864 1671 1926 decem.
1755 1863 1924 1925 unde
1963 1863 2348 1924 manifestum
2387 1874 2514 1940 eat,
2556 1863 2613 1924 ai
2651 1883 2860 1922 annua

596 1949 896 2014 Arabicus
922 1954 1055 2017 681·
1079 1949 1175 2010 die
1203 1953 1290 2015 22
1325 1950 1549 2030 Aprilis
1587 1949 1732 2010 anni
1764 1949 1907 2011 chr.
1941 1953 2113 2017 1282
2158 1949 2329 2026 iniit,
2365 1949 2646 2011 desinere
2672 1950 2856 2007 illum

597 2036 877 2099 debuisse
900 2045 1042 2095 ante
1075 2039 1153 2102 18
1184 2035 1410 2116 Aprilis
1436 2037 1581 2096 anni
1613 2037 1753 2098 chr‘.
1790 2039 1972 2112 1288,
1999 2036 2288 2115 quoniam
2312 2056 2345 2095 a
2375 2040 2461 2104 22
2493 2035 2730 2117 Aprilis
2755 2035 2860 2094 die

599 2124 680 2185 ad
705 2124 866 2184 diem
889 2121 1153 2183 eiusdem
1182 2123 1405 2183 menaia
1440 2128 1522 2190 18
1554 2145 1680 2185 non
1708 2122 2095 2185 intercedunt
2124 2122 2253 2185 dies
2283 2123 2514 2185 decem.
2558 2142 2634 2182 en
2652 2131 2860 2182 oeten-

598 2232 737 2273 aum
778 2209 1095 2270 evidenter
1130 2208 1359 2288 Pascha
1396 2208 1882 2272 Christianorum
1923 2207 2070 2269 anni
2116 2208 2375 2290 Regii-ae
2407 2211 2530 2276 681
2569 2210 2640 2269 in
2674 2229 2856 2276 men·

602 2318 727 2359 aem
762 2296 970 2356 nhul-
991 2295 1202 2355 Haiam
1239 2296 1526 2357 ultimum
1562 2297 1706 2357 anni
1751 2295 1992 2358 Arabici
2027 2316 2156 2356 non
2190 2296 2464 2378 potuiaae
2493 2296 2856 2356 convenire.

600 2384 889 2465 deinceps
918 2382 1056 2465 pari
1099 2381 1402 2445 evidentia
1448 2382 1807 2446 demonstro
1846 2381 2199 2445 vicesimam
2243 2381 2664 2445 obul-Baiae
2692 2381 2856 2444 diem

600 2471 815 2533 eodem
850 2469 962 2528 illo
1003 2489 1167 2528 anno
1207 2468 1461 2549 Hegirae
1501 2474 1624 2538 681
1672 2470 1881 2532 feriam
1923 2479 2204 2551 quartam
2247 2470 2371 2532 nou
2432 2470 2644 2534 fuisse.
2733 2470 2857 2529 suit

599 2558 709 2618 ille
740 2572 936 2617 annua
974 2554 1266 2617 Arabicus
1300 2555 1724 2618 embolimaeum
1752 2577 1825 2616 ac
1854 2565 2293 2637 consequenter
2326 2555 2454 2623 355
2483 2555 2752 2633 dierum,
2795 2566 2858 2615 et

602 2641 1000 2704 Dbul-Haia
1026 2643 1246 2702 mensis
1276 2643 1408 2703 eiua
1438 2643 1692 2704 ultimua
1728 2644 1792 2703 in
1832 2643 2009 2703 annia
2049 2642 2373 2702 ordinariis
2402 2662 2626 2718 cavua,
2670 2641 2740 2702 in
2780 2662 2856 2702 eo

602 2730 822 2814 plenus
857 2728 976 2789 suit
1000 2776 1019 2804 ,
1064 2728 1194 2789 dies
1225 2748 1550 2789 numerans
1590 2729 1858 2810 triginta.
1943 2728 2248 2789 tollantur
2273 2729 2422 2805 355,
2464 2729 2576 2808 qui
2607 2737 2706 2788 est
2729 2747 2855 2788 nu-

604 2832 809 2878 merue
841 2815 1077 2876 dierum
1115 2815 1261 2874 anni
1291 2816 1437 2896 Heg.
1456 2820 1606 2894 681,
1635 2816 1712 2877 de
1738 2817 1865 2883 365
1890 2836 1924 2875 a
1955 2815 2055 2883 die
2084 2819 2170 2884 22
2190 2815 2418 2895 Aprili·
2446 2815 2600 2875 anni
2630 2813 2859 2876 christi

609 2907 778 2970 1282
829 2901 1295 2983 incipientibus:
1360 2902 1619 2964 ultimus
1671 2903 2056 2964 reaiduorum
2114 2902 2291 2962 cadet
2331 2900 2395 2961 in
2452 2901 2856 2962 undecimum

605 2988 837 3071 Aprilis
864 2988 1009 3048 anni
1040 2988 1264 3049 Christi
1301 2993 1483 3057 1288.
1574 2988 1676 3051 bic
1701 3000 1793 3051 eat
1811 2990 2151 3066 tricesimus
2181 2986 2628 3066 Dhul-Haiae;
2668 3011 2703 3049 a
2736 3008 2856 3070 quo

605 3076 662 3137 ai
716 3083 882 3134 retro
922 3076 1129 3135 decem
1174 3075 1387 3135 diebua
1422 3097 1813 3156 promoveas,
1870 3076 2146 3139 inveniea
2193 3075 2551 3137 vicesimum
2588 3075 2859 3136 eiuadem

610 3159 1033 3222 Dhul-Haiae
1073 3160 1341 3243 primum
1389 3162 1627 3237 Martii,
1673 3163 1777 3244 qui
1832 3162 1964 3224 dica
2001 3162 2165 3223 Iovia
2211 3172 2271 3221 et
2311 3161 2533 3243 quinta
2556 3163 2748 3236 feria,
2788 3178 2859 3220 eo

611 3266 776 3308 anno
802 3245 1043 3305 literam
1097 3246 1514 3307 dominicalem
1556 3249 1602 3307 C
1643 3248 1940 3326 habente,
1990 3249 2145 3324 suit,
2190 3269 2319 3308 non
2363 3257 2613 3327 autem,
2657 3255 2733 3308 nt
2777 3246 2858 3306 ait

612 3330 1139 3413 Abulpharagiua,
1185 3332 1314 3393 diez
1344 3333 1629 3394 Mercurii
1669 3336 1799 3394 aive
1834 3343 2048 3414 quarta
2074 3333 2242 3395 seria.

786 3417 954 3479 xlv.
1036 3419 1148 3480 His
1174 3420 1370 3481 lector
1395 3421 1647 3480 adactus
1675 3420 1752 3480 ad
1778 3419 2091 3482 fatendum
2118 3419 2497 3480 characteres
2527 3416 2686 3477 istos
2709 3417 2859 3479 dno·

616 3504 1104 3584 chronologicoa,
1150 3496 1413 3568 Pascb'ae
1440 3507 1766 3568 incidentis
1796 3508 1863 3567 in
1900 3526 2166 3567 mensem
2199 3504 2412 3565 nhul-
2434 3503 2655 3564 Haiam
2684 3515 2747 3566 et
2771 3504 2857 3565 se-

615 3594 743 3656 riae
785 3602 1036 3674 quartae
1078 3592 1468 3673 insignientis
1505 3593 1868 3655 vicesimum
1912 3591 2323 3653 Dhul—Haiae
2362 3590 2566 3668 diem,
2614 3591 2858 3651 minine

619 3680 952 3742 convenire
991 3679 1059 3740 in
1099 3700 1329 3742 annum
1383 3680 1634 3761 Hegirae
1668 3685 1818 3753 681,
1854 3688 2105 3759 quaeret
2146 3678 2306 3739 sorte
2345 3696 2494 3739 uum
2544 3678 2613 3739 in
2671 3679 2855 3739 alium

619 3770 1008 3829 conveniant.
1096 3786 1223 3826 non
1265 3768 1443 3848 longe
1486 3766 1782 3827 ebibitur:
1830 3767 1927 3826 aio
1974 3764 2284 3848 aptiaaime
2318 3767 2528 3825 amboa
2559 3764 2860 3845 quadrare

616 3855 685 3915 in
720 3874 946 3913 annum
977 3846 1217 3934 α’μέσως
1250 3855 1738 3935 praecedentem,
1779 3852 2065 3914 videlicet
2091 3853 2347 3933 Hegirae
2371 3855 2524 3919 680.
2615 3849 2727 3911 hic
2754 3870 2858 3910 au-

618 3960 737 4002 nua
770 3940 1011 4001 initium
1041 3939 1223 4001 duxit
1247 3962 1281 4001 a
1313 3942 1413 4003 die
1448 3947 1535 4009 22
1562 3940 1785 4022 Aprilis
1818 3940 2038 4001 iuliani
2068 3961 2228 4000 anno
2257 3937 2485 3999 Christi
2514 3939 2710 4013 1281,
2751 3937 2858 3997 da·

617 4027 725 4087 aiit
751 4037 951 4087 autem
985 4028 1083 4086 die
1105 4026 1336 4088 decima
1358 4028 1625 4089 eiusdem
1664 4026 1888 4106 Aprilis
1907 4049 2066 4088 anno
2097 4025 2325 4087 christi
2356 4023 2640 4104 sequenti
2677 4025 2856 4090 1282.

622 4111 742 4173 suit
781 4134 975 4174 annue
1005 4112 1227 4175 Christi
1260 4119 1426 4182 1282
1452 4114 1686 4197 periodi
1723 4113 1991 4175 Iulianae
2018 4117 2206 4182 6995.
2294 4110 2541 4192 cyclum
2571 4108 2725 4170 colia
2750 4107 2850 4169 h·-

626 4197 764 4259 buit
795 4206 835 4267 8
876 4222 1012 4260 cum
1050 4201 1227 4261 litera
1274 4201 1629 4262 dominicali
1664 4202 1735 4277 l),
1778 4204 2020 4282 cyclum
2062 4220 2210 4260 vero
2244 4197 2428 4258 lunae
2469 4200 2574 4262 10.
2665 4192 2855 4254 exilia

622 4293 794 4364 patet
837 4286 1060 4346 Pascha
1100 4286 1229 4347 eiua
1277 4289 1420 4347 antii
1469 4307 1799 4369 occupatae
1824 4287 1984 4349 diem
2018 4290 2102 4354 29
2143 4285 2363 4347 menaia
2390 4280 2617 4343 Iuliani
2645 4277 2857 4340 Martii.

622 4369 775 4431 haec
817 4371 948 4432 dies
993 4375 1195 4434 ‹leeaae
1234 4393 1356 4434 nou
1407 4375 1611 4455 potuit
1655 4374 1808 4456 quin
1842 4373 2072 4435 ambitu
2115 4371 2336 4433 mentia
2384 4366 2634 4430 Arabici
2665 4362 2855 4425 nbul-
