3084 4850
835 315 999 387 LIB.
1040 315 1157 387 111.
1234 313 1988 386 CHRONOLOGICUS.
2386 313 2541 388 813

281 507 437 549 cnm
467 485 545 546 ab
570 485 648 546 iis
673 491 1013 565 expugnate
1046 482 1233 544 fuerit
1273 502 1436 542 anno
1475 480 1703 543 Christi
1745 484 1913 549 1208
1940 479 2042 542 die
2071 485 2151 549 12
2177 479 2439 565 Aprilis,
2483 489 2547 543 et

284 574 549 635 Graecis
585 571 822 633 reddita
866 591 1029 631 anino
1071 569 1303 632 Christi
1359 573 1517 635 1261
1571 569 1670 629 die
1711 568 1797 635 25
1839 567 2065 630 mensis
2091 569 2252 630 Iulii.
2339 568 2547 630 fraudi

280 661 589 722 nimirum
615 656 1069 740 Abulpliaregio
1095 657 1207 717 suit
1223 694 1244 733 ,
1294 656 1461 736 quod
1495 655 1648 717 haec
1692 665 1918 717 cuncta
1938 698 1958 732 ,
2003 665 2193 737 prout
2217 655 2403 716 simul
2428 676 2546 716 eur-

280 748 496 808 dierat
515 790 532 818 ,
575 764 703 806 uno
732 745 895 806 fasce
925 746 991 806 in
1015 764 1244 806 annum
1279 743 1377 803 sui
1403 739 1695 804 Chronici
1729 741 1980 803 unicum
2006 742 2347 822 congessit3
2388 761 2551 821 quae

280 836 345 896 si
373 832 795 907 distinxisset,
836 831 1247 914 perducturus
1293 830 1491 890 suerat
1531 829 1613 889 ad
1643 849 1870 891 annum
1899 828 2156 908 Hegirae
2186 832 2336 905 669,
2364 829 2546 890 cuius

280 919 594 981 kalendae
654 917 1031 980 Muharrami
1074 937 1215 979 cum
1252 916 1504 977 inierint
1542 939 1577 976 a
1624 915 1722 978 die
1773 925 1944 977 sexta
1995 916 2344 978 Decembris
2399 916 2548 975 annii

286 1005 527 1068 christi
565 1009 750 1082 1260,
778 1004 996 1067 maiori
1020 1003 1114 1066 sui
1143 1015 1321 1086 parte
1347 1023 1548 1064 annus
1576 1005 1683 1065 ille
1711 1002 2004 1066 Arabicus
2043 1023 2186 1065 cum
2212 1002 2452 1066 Iuliano
2478 1002 2548 1063 iu

284 1114 437 1156 aera
464 1100 674 1153 nostra
696 1091 936 1173 vulgari
971 1095 1131 1159 1261
1161 1089 1495 1158 concurrit.

354 1202 377 1226 ο
474 1180 554 1240 X.
639 1179 1026 1259 Ignoscamns
1052 1186 1276 1255 autem,
1321 1196 1569 1254 censeo,
1613 1174 2070 1258 Abulpharagio
2099 1176 2345 1260 culpam
2369 1174 2550 1237 istam

286 1265 807 1349 qualemcumque
856 1265 1255 1326 confusorum
1306 1265 1370 1325 in
1418 1284 1614 1324 uuum
1661 1284 1965 1325 annorum
2010 1274 2310 1345 quatuor,
2366 1282 2553 1344 quam

286 1359 553 1414 excusat
578 1353 643 1413 in
674 1352 924 1415 homine
970 1351 1170 1413 Arabe
1205 1369 1454 1433 peregre
1487 1349 1747 1431 degente
1786 1350 1893 1412 vix
1926 1351 2229 1414 evitabilis
2257 1351 2552 1432 ignoran-

288 1440 384 1500 tia
428 1459 635 1501 rerum
676 1443 1042 1502 Graecarum
1069 1436 1239 1499 haud
1282 1459 1393 1520 per
1425 1457 1487 1498 se
1521 1429 1892 1520 magnopere
1930 1436 2264 1519 insignium
2300 1447 2362 1499 et
2396 1437 2553 1498 locis

291 1549 334 1587 a
365 1527 735 1589 commercio
765 1526 1041 1606 abruptis
1072 1534 1514 1588 transactarum
1532 1566 1552 1600 ,
1599 1543 1741 1585 cum
1766 1524 2129 1607 praesertim
2155 1523 2366 1586 eodem
2400 1535 2549 1585 tem·

290 1633 453 1697 pore
497 1623 731 1676 mentes
772 1613 852 1674 ad
895 1633 960 1672 se
1004 1612 1278 1672 omnium
1324 1631 1437 1695 per
1464 1611 1818 1673 interiorem
1850 1611 2056 1672 Asiam
2084 1620 2373 1694 raperent
2397 1632 2553 1693 pro·

293 1699 526 1779 digiosi
584 1697 958 1781 Mogulensia
1007 1696 1251 1780 imperii
1308 1697 1424 1760 sub
1473 1698 1765 1781 auspiciis
1809 1699 2082 1759 Halae-u
2122 1697 2257 1760 sive
2299 1696 2555 1759 Claalae‘i

290 1806 691 1870 progressus,
733 1806 851 1848 nec
894 1784 973 1847 iis
1005 1785 1267 1868 spatium
1309 1785 1428 1846 alia
1464 1784 1647 1865 longe
1678 1784 1912 1847 minora
1956 1785 2304 1847 distinctius
2334 1785 2552 1846 obser-

291 1873 492 1936 vandi
521 1873 960 1956 relinquerent.
1044 1892 1186 1934 nam
1227 1874 1437 1935 statim
1462 1881 1608 1957 post
1632 1892 1861 1934 anuum
1898 1872 2079 1935 illum
2117 1872 2372 1954 flegirae
2398 1872 2551 1949 655,

295 1980 431 2044 quo
454 1971 800 2042 aegrotasse
819 1959 1213 2023 Theodorum
1245 1961 1625 2022 Graecorum
1669 1959 2101 2042 imperatorem
2146 1960 2340 2022 tradit
2362 1959 2555 2020 Abul-

294 2046 664 2131 pharagius,
707 2069 834 2110 non
859 2047 1018 2109 male
1042 2049 1122 2109 ad
1146 2057 1420 2109 nostram
1454 2045 1914 2126 chronologiam
1947 2057 2116 2107 tomo
2141 2046 2340 2128 priori
2367 2065 2423 2105 c.
2452 2045 2555 2107 ul.

293 2135 459 2196 timo
501 2134 545 2198 1.
587 2138 628 2201 8
688 2134 1200 2196 Observationum
1246 2153 1598 2214 expansam.
1699 2131 1817 2192 etsi
1860 2133 2018 2193 enim
2056 2132 2189 2193 illic
2234 2152 2351 2193 nos
2387 2151 2551 2192 anno

298 2219 540 2281 chri-u
588 2223 777 2296 1258,
837 2219 1248 2301 respondente
1299 2238 1464 2278 anno
1522 2216 1781 2296 Hegirae
1822 2220 1986 2299 656,
2037 2220 2299 2301 primam
2346 2217 2551 2279 morbi

294 2304 618 2367 Theodori
669 2304 1042 2367 mentionem
1082 2303 1499 2386 posuerimus,
1539 2305 1709 2386 quod
1738 2313 1889 2366 tunc
1917 2305 2334 2385 ingravescere
2361 2305 2553 2384 magia

298 2391 612 2473 coeperit,
666 2392 952 2476 superius
993 2402 1198 2454 tamen
1242 2391 1570 2455 inolevisse
1599 2412 1726 2455 non
1771 2412 2095 2474 negamus:
2138 2393 2326 2456 immo
2355 2391 2422 2455 id
2447 2391 2559 2453 hi-

296 2479 534 2542 storiae
556 2480 740 2541 series
764 2479 1014 2542 indicat.
1101 2483 1308 2542 statim
1331 2526 1353 2560 ,
1397 2479 1905 2563 inquam,-post,
1962 2501 2183 2566 nempe
2219 2501 2381 2543 anno
2417 2484 2553 2542 He-

297 2566 472 2649 girae
500 2569 649 2645 666,
677 2567 851 2629 cuius
876 2567 993 2630 fuit
1022 2566 1267 2628 initium
1301 2566 1430 2629 dies
1451 2567 1723 2629 Ianuarii
1751 2579 2003 2631 octavus
2028 2568 2095 2630 in
2126 2591 2289 2631 anno
2323 2566 2554 2630 Christi

296 2653 494 2717 modo
516 2665 853 2718 memorato
885 2657 1074 2732 1268,
1098 2654 1338 2716 Hulacu
1365 2676 1569 2718 mense
1598 2657 1735 2737 ipso
1758 2659 1902 2717 anni
1928 2655 2130 2738 primo
2156 2653 2552 2718 Muharramo

297 2741 690 2892 ffipgffiss‘
732 2741 2206 2892 ζῗῑῖῧέἔζὶἳέἓίὤῗιεέζὲωῗωῗῖἴῖἳεέωεῖε
2224 2741 2555 2890 '‘E-⁸3³3

302 2849 433 2997 qug
449 2915 518 2975 in
550 2873 830 2977 ordi'nem
861 2850 1135 2991 redactyo,
1177 2874 1699 2997 ditionsqno’eius
1725 2916 1789 2978 in
1812 2849 2557 3000 {iperiiehglogulicippro-

300 3001 578 3064 vinciam
621 3023 951 3079 conversa,
1007 3002 1337 3063 finitimum
1375 3003 1698 3085 dynastam
1745 3004 2044 3067 Mauselae
2072 3004 2391 3066 dominum
2429 3002 2552 3064 mi-
2585 3016 2632 3074 P
2666 3017 2717 3073 5!

301 3088 409 3152 nia
444 3087 729 3151 territum
754 3088 872 3150 sibi
906 3089 1294 3151 tributarium
1317 3089 1499 3168 fecit3
1545 3101 1609 3151 et
1635 3090 2006 3175 Astraplium
2038 3090 2397 3172 dynastam,
2441 3110 2554 3152 ar-

303 3175 398 3239 ds
424 3176 863 3239 munitissimae
896 3173 1121 3237 fiducia
1161 3177 1371 3257 iugum
1409 3177 1618 3239 subire
1658 3177 2130 3256 detrectantem,
2185 3177 2253 3239 in
2283 3176 2415 3260 ipsa
2441 3177 2553 3240 ius

302 3283 420 3326 aua
446 3262 598 3326 urbe
632 3261 1173 3345 Mihaphnrekino,
1234 3263 1384 3325 licet
1425 3263 1922 3348 inexpugnabili,
1966 3265 2125 3327 same
2170 3263 2550 3328 domandum

304 3349 575 3413 obsideri
599 3350 776 3413 iussit
800 3371 835 3410 a
862 3348 1003 3413 suis.
1089 3349 1340 3411 duravit
1365 3351 1603 3413 obsidio
1628 3352 1771 3434 plus
1794 3352 2055 3419 biennio.
2113 3353 2364 3415 tandem
2384 3373 2551 3414 anno

301 3437 569 3518 Begirae
595 3441 724 3507 658
759 3436 1096 3519 Astraphus
1125 3437 1429 3519 plerisque
1459 3459 1713 3501 suorum
1755 3441 1913 3501 fame
1942 3439 2282 3524 absumptis
2319 3438 2550 3503 dedens

303 3544 443 3586 aese
462 3524 542 3585 ad
576 3524 823 3586 Hulaeu
853 3525 1245 3608 perducitur,
1293 3535 1356 3587 et
1381 3525 1561 3588 iussu
1586 3526 1718 3588 eius
1746 3525 2142 3593 interficitur.
2197 3526 2411 3590 eodem
2443 3547 2550 3588 an·

303 3621 435 3672 tem
460 3631 624 3672 anno
651 3611 907 3693 Hegirae
930 3613 1079 3688 658,
1138 3611 1245 3693 qui
1291 3633 1432 3674 cnm
1476 3614 1773 3696 inceperit
1819 3636 1854 3675 e
1886 3617 1968 3681 18
2011 3614 2356 3677 Decembris
2401 3613 2550 3676 anni

262 3724 271 3732 ·
307 3696 543 3758 Christi
588 3702 756 3767 1259
796 3718 984 3779 usqne
1038 3696 1106 3758 in
1149 3700 1537 3762 Decembrem
1580 3703 1740 3762 anni
1769 3701 1996 3764 Christi
2021 3699 2208 3771 ‘1260
2258 3700 2551 3778 exeun-it,

309 3783 550 3846 uulsou
594 3795 781 3867 ponte
821 3784 1124 3869 Euphrati
1153 3785 1447 3869 imposito
1487 3789 1729 3850 traiecit
1764 3788 1834 3851 in
1876 3787 2151 3871 Syriam,
2194 3787 2423 3849 ducens
2450 3806 2555 3847 sa-

308 3890 456 3932 cum
481 3872 895 3934 formidabiles
935 3872 1146 3956 copias
1177 3872 1439 3936 millium
1485 3875 2103 3958 quadringentorum,
2159 3873 2381 3956 quibus
2416 3874 2554 3934 Da·-

305 3977 584 4019 snascum
616 3957 813 4021 obiter
843 3959 1008 4042 cepit
1028 4004 1046 4038 ,
1092 3958 1387 4023 Halebum
1417 3971 1562 4045 post
1600 3963 1834 4025 dierum
1863 3981 2200 4046 paucorum
2229 3980 2554 4043 oppugna-

305 4043 543 4107 tionem
586 4066 728 4107 cnm
772 4048 954 4107 caede
990 4046 1528 4112 innumerabilium
1569 4050 1702 4111 illic
1742 4060 2125 4134 repertorum
2155 4050 2554 4131 expugnavit.

309 4130 390 4194 Al
414 4132 610 4195 Naser
635 4131 847 4234 Halehi
873 4130 1155 4195 dominus
1184 4156 1326 4197 cum
1347 4137 1641 4200 uxoribus
1682 4147 1743 4199 et
1772 4138 1976 4199 liberis
2004 4137 2126 4197 iam
2157 4143 2300 4196 ante
2326 4138 2552 4218 prosu-

307 4218 1043 4370 ffizcfffflessffssssss
1070 4222 2551 4395 fisst'sszf‘ssssovssxss‚¹:⁸322052Y2223133.⁸3:2³:

306 4394 523 4460 decem
546 4394 821 4460 millibus
840 4393 1138 4480 equitum,
1178 4398 1413 4482 praelio
1443 4400 1640 4463 victus
1667 4408 1730 4462 et
1751 4399 2109 4463 interfectus
2129 4407 2221 4462 est
2240 4420 2279 4461 a
2303 4399 2551 4464 tusum
