3084 4850
997 385 1161 459 un.
1202 387 1288 459 11.
1387 389 1702 465 NOTAE.
2301 396 2451 472 761

192 554 385 620 unda
406 554 692 639 ngilius
715 554 963 619 Aeneid.
995 560 1080 624 10

478 654 613 704 tum
647 640 770 704 dea
795 643 957 705 nube
980 664 1142 707 cava
1169 653 1406 704 unum
1432 646 1564 707 sim
1588 643 1835 706 viribus
1861 644 2148 709 umbram

478 734 548 791 s‘n
564 730 811 811 faciem
831 730 1107 807 Aeneae,
1152 733 1297 793 visu
1321 731 1612 793 mirabile
1640 741 1998 813 monstrum,

477 816 841 879 Dardaniis
874 828 1057 880 emat
1093 818 1254 881 telis.

390 924 451 987 p.
480 902 698 972 Sfiov.
737 908 839 972 19.
925 906 1099 981 Quae
1130 903 1234 966 hic
1273 902 1538 966 citantur
1567 923 1647 966 ex
1681 904 1912 967 Ethicis
1936 906 2000 971 8.
2027 904 2252 984 Basilii,
2293 906 2458 970 inter

194 1011 283 1052 cu
322 1010 481 1072 qnae
522 987 644 1052 hoc
671 991 915 1053 nomine
952 993 1236 1074 leguntur
1269 991 1337 1052 in
1374 991 1728 1053 collectione
1760 991 1925 1053 edita
1957 1011 2206 1074 operum
2243 993 2371 1055 eius
2396 998 2459 1057 S.

194 1079 273 1140 P.
308 1097 439 1139 non
458 1078 675 1158 reperi.
757 1081 823 1140 in
846 1078 1018 1161 epist.
1050 1078 1128 1140 ad
1157 1077 1644 1161 Amphilochium
1673 1099 1807 1142 can.
1848 1085 1931 1146 10
1969 1099 2031 1161 p.
2058 1081 2187 1148 764
2220 1079 2315 1142 ed.
2341 1081 2459 1141 Pa-

193 1166 323 1228 ris.
368 1184 465 1226 an.
503 1168 668 1232 1618
711 1167 1012 1246 quaedam
1048 1165 1127 1226 de
1163 1166 1504 1228 iuramento
1552 1164 1892 1243 habentur,
1935 1185 1971 1224 a
2006 1184 2186 1228 causa
2222 1175 2282 1228 et
2314 1187 2460 1230 casu

195 1251 321 1314 hic
356 1268 395 1313 a
421 1248 787 1333 Pachymere
821 1261 1085 1314 tractato
1112 1273 1236 1314 non
1269 1253 1512 1312 omnino
1543 1252 1950 1314 abhorrentia.
2159 1292 2162 1293 ν

393 1358 453 1420 p.
480 1338 607 1405 866
638 1359 701 1401 v·
734 1344 831 1406 12.
917 1339 1080 1401 Vitio
1115 1341 1383 1401 vertitur
1416 1339 1695 1422 episcopo
1721 1338 2248 1416 Marmaritziensi‚
2292 1336 2462 1421 quod

201 1424 453 1486 multos
487 1425 684 1486 aitned
719 1423 1033 1487 ordinaret
1066 1424 1338 1487 eiusdem
1367 1428 1438 1485 in
1464 1424 1810 1487 sacerdotio
1835 1424 2078 1486 ordinis
2113 1447 2247 1487 una
2270 1447 2459 1486 sacra

182 1512 562 1595 sanctione.
645 1508 767 1573 hoc
799 1521 920 1591 est,
964 1512 1214 1594 opinor,
1257 1511 1424 1591 qnod
1445 1531 1639 1573 ‚causa
1666 1511 2008 1595 compendii
2032 1513 2097 1573 in
2122 1512 2458 1575 ordinatio-

202 1598 421 1676 nibus,
463 1617 637 1678 quas,
676 1608 752 1660 ut
780 1609 922 1660 ante
947 1598 1271 1660 historicus
1295 1596 1606 1676 retulerat,
1646 1599 1901 1680 pecunia
1922 1598 2236 1675 venderet,
2277 1600 2457 1661 unica

200 1684 606 1767 impositione
630 1705 919 1746 manuum
945 1685 1170 1749 multos
1196 1684 1374 1746 simul
1394 1684 1680 1762 initiaret,
1714 1704 1922 1748 errore
1943 1684 2303 1747 intolerabili
2321 1685 2459 1747 exi-

206 1771 473 1834 stimans
520 1769 673 1832 nihil
713 1791 840 1833 esse
878 1791 1117 1834 necesse
1161 1771 1488 1852 unicuique
1527 1772 1867 1853 singillatim
1912 1772 2102 1834 ritum
2141 1772 2314 1833 illum
2353 1792 2455 1831 sa-

207 1880 396 1922 crum
425 1857 731 1939 adhibere,
770 1859 935 1939 quod
965 1861 1017 1920 ei
1044 1858 1352 1921 festinanti
1379 1858 1538 1921 lucri
1565 1859 1885 1921 Simoniaci
1910 1860 2099 1941 gratia
2116 1905 2134 1938 ,
2177 1860 2243 1920 iu
2271 1878 2455 1940 quam

203 1946 498 2031 plurimis
531 1966 711 2026 quam
743 1945 1095 2008 brevissimo
1128 1955 1401 2028 tempore
1426 1946 1811 2023 ordinandis,
1850 1946 1917 2008 id
1944 1946 2329 2008 commodum
2352 1945 2455 2008 vi-

208 2035 492 2111 deretur,
521 2053 738 2115 parum
766 2034 931 2114 pensi
959 2032 1185 2094 habens
1210 2043 1571 2114 quaestuoso
1596 2054 1660 2095 se
1685 2033 1911 2115 illigare
1933 2033 2257 2115 sacrilegio.
2313 2051 2455 2114 ergo

210 2114 531 2204 ἱερωσύνη
554 2116 971 2181 sacerdotium
999 2120 1120 2182 hoc
1144 2119 1281 2181 loco
1305 2113 1631 2200 generatim
1658 2120 1901 2182 ordines
1926 2121 2180 2182 maiores
2204 2119 2456 2197 indicat,

207 2216 377 2292 puta
406 2207 796 2269 diaconatum
822 2216 886 2268 et
928 2207 1432 2289 presbyteratum,
1476 2216 1541 2268 et
1567 2227 1708 2268 cum
1736 2209 1967 2268 multos
1992 2206 2140 2268 dicit
2182 2205 2456 2266 eiusdem

212 2291 470 2355 ordinis
502 2295 693 2353 unica
714 2315 902 2354 sacra
923 2295 1395 2373 ceremoniam&
1415 2296 1618 2381 τελετῇ
1649 2293 1973 2373 ordinasse,
1997 2292 2290 2374 significat
2313 2293 2456 2374 plu-

211 2400 322 2445 res
354 2379 739 2458 diaconatus,
779 2381 982 2462 plures
1008 2381 1187 2442 etiam
1210 2355 1662 2462 presbyteratus
1692 2381 2007 2461 petitores,
2050 2400 2177 2442 non
2209 2379 2455 2461 singulis

213 2466 571 2530 adhibendo
600 2487 840 2528 uerum
868 2468 1056 2529 ritum
1087 2467 1193 2529 sed
1217 2468 1325 2529 uni
1358 2488 1471 2549 pro
1501 2469 1763 2544 cunctis,
1807 2477 1917 2530 aut
1942 2487 2123 2551 super
2149 2487 2357 2529 omnes
2392 2467 2458 2528 in

214 2575 543 2617 commune
569 2554 964 2616 ceremoniam
988 2555 1307 2636 legitimam
1336 2553 1695 2634 exercendo,
1737 2554 1979 2617 abunde
2001 2551 2317 2618 universos
2343 2575 2459 2637 pro
2491 2563 2538 2620 Ρ
2571 2561 2673 2619 547

214 2652 392 2705 recte
418 2662 491 2703 ac
525 2641 758 2703 viritim
782 2641 1031 2703 initiatis
1056 2641 1356 2704 habuisse.

399 2750 460 2792 v.
504 2730 604 2798 14.
705 2728 1015 2805 Quaenam
1048 2730 1128 2790 sit
1161 2729 1262 2792 his
1304 2727 1504 2789 verbis
1532 2737 1869 2789 memorata
1911 2748 2127 2807 magna
2168 2725 2461 2808 synodus,

215 2825 365 2901 post
388 2836 572 2898 quam
598 2819 868 2898 episcopi
891 2814 1185 2897 defecisse
1217 2814 1500 2877 dicantur
1520 2814 1588 2875 in
1629 2812 1978 2889 Occidente,
2019 2814 2140 2875 hoc
2163 2825 2286 2888 est,
2329 2831 2458 2874 esse

220 2904 472 2965 desiisse
511 2903 760 2983 legitimi
806 2903 1189 2965 ecclesiarum
1225 2901 1530 2984 praesules
1573 2918 1754 2962 verae
1797 2900 2193 2965 ordinationis
2236 2898 2458 2961 chara-

218 3000 393 3052 ctere
432 2988 735 3070 insigniti,
784 2991 992 3070 quaeri
1033 3010 1160 3051 non
1199 2988 1495 3049 merito
1537 2996 1763 3070 potest.
1847 2986 1997 3050 mihi
2037 3008 2165 3049 non
2210 2986 2458 3048 videtur

219 3077 481 3140 dubium
510 3076 656 3156 quin
690 3075 792 3137 hic
817 3086 1031 3159 agatur
1064 3076 1143 3138 de
1179 3075 1412 3156 synodo
1455 3075 1835 3136 oecumenica
1860 3079 1901 3141 8
1940 3072 2265 3153 eademque
2293 3075 2459 3133 Con-

217 3162 761 3244 stantinopoh'tana
798 3166 840 3232 4
855 3208 874 3242 ,
915 3172 980 3224 et
1005 3172 1277 3245 tempore
1308 3171 1574 3233 etcausa
1595 3159 1798 3222 Photii
1823 3161 2113 3222 celebrata
2131 3205 2148 3237 ,
2196 3159 2456 3220 maxime

218 3270 409 3332 snper
442 3250 866 3311 controversiis
900 3249 1195 3332 Ignatium
1235 3248 1398 3310 inter
1439 3257 1503 3308 et
1539 3246 1843 3312 Photium.
1932 3256 2071 3328 post
2107 3245 2269 3306 hanc
2315 3265 2456 3306 cum

218 3335 543 3399 fraudibus
575 3344 636 3395 ct
669 3335 994 3397 mendaciis
1021 3336 1145 3398 suis
1173 3334 1421 3398 Photins
1457 3337 1545 3396 ita
1572 3335 1831 3396 Graecos
1866 3354 1902 3393 a
1933 3333 2161 3393 Latinis
2201 3332 2457 3392 alienas-

222 3432 355 3500 set,
401 3432 476 3484 ut
508 3443 841 3503 numquam
872 3422 1150 3504 deinceps
1175 3421 1335 3484 bona
1376 3423 1498 3484 fide
1533 3423 1816 3483 universa
1851 3420 2173 3482 Orientalis
2214 3419 2461 3480 ecclesia

220 3529 370 3570 cnm
410 3508 783 3571 Occidentali
836 3508 1206 3570 consenserit
1230 3553 1250 3586 ,
1318 3509 1628 3571 desierunt
1670 3508 2049 3569 oecumenica
2092 3506 2344 3569 concilia
2391 3507 2460 3567 in

222 3596 479 3658 Oriente
502 3596 825 3684 celebrari,
869 3595 1032 3658 unde
1065 3595 1283 3656 ultima
1309 3598 1429 3658 fnit
1457 3595 1727 3678 synodus
1753 3604 1970 3657 octava
1994 3595 2155 3656 inter
2181 3613 2282 3654 eas
2302 3612 2458 3673 quae

221 3683 291 3744 in
337 3681 665 3745 orientalis
700 3684 939 3766 imperii
978 3682 1312 3744 celebratae
1348 3684 1579 3746 ditione
1619 3683 1684 3742 in
1726 3700 2043 3745 commune
2080 3680 2459 3742 consulentes

224 3768 522 3832 concordi
559 3790 800 3832 assensu
833 3772 1091 3833 Graecos
1123 3769 1349 3853 pariter
1388 3780 1452 3832 et
1485 3769 1732 3830 Latinos
1773 3768 2062 3834 habuere.
2142 3767 2461 3828 finxerunt

224 3865 436 3918 autem
459 3856 672 3918 Graeci
703 3857 1096 3936 schismatici,
1139 3856 1307 3937 quod
1332 3859 1520 3919 refert
1541 3856 1663 3917 hoc
1695 3857 1830 3918 loco
1863 3854 2246 3918 Andronicus
2281 3852 2460 3914 addi-

224 3942 530 4006 ctissimus
553 3942 857 4006 schismati
875 3955 939 4007 et
962 3943 1391 4006 infensissimus
1416 3943 1694 4005 ecclesiae
1718 3944 2043 4020 Romanae,
2072 3961 2149 4001 ex
2173 3940 2277 4000 illo
2299 3950 2461 4001 tem-

224 4048 379 4112 pore
400 4048 523 4109 quo
548 4028 707 4092 vixit
732 4030 984 4093 Photius
1009 4042 1071 4093 et
1091 4039 1180 4091 est
1201 4033 1468 4110 synodus
1496 4030 1877 4091 oecumenica
1902 4039 2118 4092 octava
2145 4027 2460 4101 celebrata,

228 4115 472 4178 desiisse
508 4115 573 4176 in
605 4117 930 4180 Occidente
970 4138 1172 4181 veram
1206 4118 1621 4199 episcoporum
1652 4118 2103 4181 successionem.
2190 4113 2267 4174 de
2307 4134 2461 4175 con-

226 4204 373 4265 ficta
398 4201 475 4263 ab
502 4202 829 4282 impostore
849 4206 1162 4268 notissimo
1188 4204 1424 4280 Photio,
1467 4213 1531 4264 et
1563 4223 1599 4262 a
1625 4203 1935 4266 Photianis
1959 4203 2177 4263 iactata
2202 4200 2461 4282 synodo,

228 4309 413 4370 quam
436 4287 540 4349 isti
557 4289 799 4352 nomine
827 4302 1079 4354 octavae
1103 4292 1442 4367 venditant,
1482 4289 1625 4351 vide
1655 4311 1806 4371 opus
1827 4299 1970 4353 ante
1993 4288 2107 4350 hos
2140 4307 2328 4350 annos
2350 4306 2460 4347 sex

225 4375 330 4437 hic
344 4378 571 4438 Romae
594 4374 826 4440 editum
857 4380 934 4442 ab
958 4380 1048 4443 m.
1069 4381 1266 4442 Leone
1285 4378 1528 4459 Allatio,
1549 4375 1669 4439 hoc
1693 4378 1901 4441 titulo:
1929 4380 2032 4439 De
2066 4387 2291 4437 octavu
2311 4395 2457 4454 sym

227 4461 345 4526 odo
372 4462 716 4526 Phoda-rsa.
