3084 4850
162 442 669 520 OBSERVAT.
696 440 1180 517 nomm.
1233 440 1400 516 UB-
1429 439 1551 513 m.
1600 441 2167 515 OERONOLOG.
2286 442 2441 517 ⁷⁷7

163 616 267 686 25
306 615 544 677 aolidoa
582 613 917 689 addamne,
954 610 1066 675 fiet
1098 630 1299 675 annua
1333 610 1568 675 Chrieti
1602 616 1808 692 1807,
1848 610 1918 674 in
1953 614 2136 677 cuiue
2177 611 2278 677 die
2317 634 2440 678 un·

162 703 421 765 decima
461 699 812 763 Decembris
851 718 1096 763 neceaae
1136 699 1218 761 ait
1250 710 1473 762 metam
1517 698 1780 779 defigere
1818 700 2103 764 ultimam
2141 703 2439 784 temporie

168 788 302 851 hac
344 787 604 850 hiatoria
642 786 959 871 descripti.
1046 786 1191 868 qnia
1231 804 1383 849 vero
1424 787 1494 848 in
1535 786 1903 849 collectione
1944 787 2247 849 maiorum
2270 810 2439 851 eum.

160 895 426 939 marum
469 875 598 938 fere
638 876 934 937 minutiae
978 882 1495 951 contemnuntur,
1533 871 1701 936 haud
1735 894 2098 958 magnopere
2133 895 2440 957 repugna-

156 963 412 1039 verim,
453 963 508 1024 ai
536 961 673 1044 quie
706 961 881 1024 malit
906 981 944 1021 a
968 959 1250 1022 kalendia
1281 959 1581 1023 Ianuar-iia
1608 960 1757 1023 anni
1781 960 2015 1024 Chriati
2056 964 2223 1029 1288
2249 960 2436 1025 huius
2469 968 2514 1027 P
2548 969 2655 1028 562

162 1048 478 1112 hiatoriae
510 1050 756 1112 initium
794 1049 1059 1125 ducere,
1100 1067 1173 1109 ac
1224 1046 1409 1109 finem
1465 1046 1743 1109 eiuadem
1789 1047 1859 1109 in
1897 1047 2177 1110 kalendia
2217 1048 2441 1111 iiadem

164 1136 334 1199 unni
364 1140 534 1203 1808
557 1146 856 1215 etatum,
901 1135 1192 1215 neglectia
1220 1134 1549 1215 utrobique
1570 1134 1800 1217 viginti
1825 1134 2079 1210 diebua,
2123 1135 2227 1216 qui
2252 1157 2440 1219 supra

168 1223 458 1372 ‘¹⁵⁰3
488 1222 785 1306 epocham
813 1221 1165 1302 abundant,
1205 1220 1535 1306 poateriori
1568 1221 1798 1285 deaunt
1824 1221 1906 1285 ad
1938 1222 2272 1307 perfectam
2302 1223 2442 1309 ple-

164 1310 323 1373 nitu
371 1310 386 1325 ‘
433 1329 548 1372 em.

357 1439 465 1505 111.
552 1438 633 1502 Et
672 1436 1063 1501 commodum
1112 1425 1192 1499 ad
1228 1438 1410 1499 iatam
1450 1435 1716 1522 putandi
1766 1437 2068 1501 rationem
2109 1438 2256 1500 aetia
2298 1448 2439 1523 epte

174 1526 497 1611 quadrant
526 1523 674 1588 anni
701 1526 869 1588 vitae
896 1523 1276 1602 Andronici,
1321 1546 1479 1607 quoa
1505 1524 1893 1607 inaigniendo
1922 1524 2229 1609 principio
2256 1527 2441 1610 apatii

172 1625 569 1677 narratarum
602 1633 638 1673 a
664 1632 731 1674 ee
758 1611 884 1675 hoe
912 1632 1098 1696 opere
1126 1631 1333 1674 rerum
1361 1621 1574 1674 noater
1600 1611 1849 1674 adhibet
1878 1611 2223 1674 historicae.
2295 1635 2441 1676 nam

172 1703 421 1765 editum
465 1700 531 1762 in
571 1700 773 1761 lucem
800 1699 904 1762 vel
939 1720 1149 1761 menae
1181 1698 1462 1760 Ianuario
1492 1699 1593 1761 vel
1624 1698 1937 1759 Februarii
1978 1698 2284 1782 principio
2317 1700 2442 1762 An-

172 1776 512 1851 dronicum
549 1784 716 1848 hunc
745 1786 1206 1870 imperatorem,
1251 1784 1484 1846 dudum
1512 1785 1868 1867 collegimua
1912 1782 2086 1870 (vol.
2117 1786 2146 1848 1
2177 1808 2240 1868 p.
2265 1785 2440 1872 743)

170 1896 265 1939 ex
302 1875 429 1936 illie
462 1870 796 1956 Nicephori
838 1873 1142 1955 Gregorae
1180 1871 1384 1935 verbis
1422 1873 1468 1937 l.
1500 1876 1580 1939 10
1623 1894 1686 1956 p.
1717 1871 1882 1950 214,
1928 1872 2147 1952 quibua
2185 1872 2253 1934 in
2296 1894 2441 1935 mo-

174 1963 377 2025 nodia
418 1960 497 2022 de
529 1958 875 2022 Andronici
912 1961 1181 2023 eiusdem
1225 1959 1398 2022 obitu
1443 1958 1712 2021 affirmat
1751 1979 1889 2020 eum
1932 1958 2035 2021 die
2075 1960 2438 2022 duodecimo

176 2048 504 2112 Februarii
545 2046 907 2111 morientem
961 2046 1304 2133 expleviase
1359 2067 1592 2108 annum
1649 2045 1864 2108 aetatia
1911 2056 2201 2129 quartum
2250 2068 2442 2156 supra

175 2133 724 2221 aeptuageaimum.
809 2133 1094 2219 τέταρτον
1140 2130 1255 2219 μὲν
1302 2128 1429 2217 ἤδη
1471 2132 1581 2198 καὶ
1625 2131 2082 2218 ἑβδομηκοστὴ
2135 2133 2270 2211 ἕως
2314 2131 2438 2201 mad

174 2221 481 2311 γενέσεως
503 2215 671 2311 αὐτῷ
698 2225 1049 2287 τελευτῶντι
1074 2215 1320 2307 η’νύετο.
1408 2231 1682 2304 quattus
1712 2230 1770 2281 et
1798 2222 2292 2304 septuagesimus
2324 2222 2444 2282 αὴ..

177 2333 315 2374 aua
356 2333 403 2370 a
437 2312 778 2371 nativitate
817 2312 946 2392 ipsi
984 2311 1272 2371 morienti
1314 2306 1766 2369 absolvebatur.
1852 2328 1995 2368 cum
2047 2315 2247 2369 autem
2304 2327 2443 2369 eum

177 2407 407 2464 natum
470 2394 928 2459 definiverimua
983 2395 1210 2461 ibidem
1268 2415 1437 2458 anno
1488 2393 1718 2458 Christi
1779 2396 1983 2475 1258,
2048 2394 2445 2475 intelligimus

178 2487 400 2570 ipaum
459 2484 798 2565 ingreaaum
861 2504 1089 2545 annum
1138 2491 1428 2564 quartum
1466 2491 1530 2546 et
1570 2480 1927 2544 vicesimum
1978 2481 2193 2548 aetatia
2236 2483 2441 2564 primo

181 2556 2447 2741 {sama...m..3230:fffflssffzzfflamgsstffifiz

182 2766 339 2810 auae
384 2744 550 2806 vitae
593 2744 801 2826 quarti
845 2755 908 2807 et
951 2743 1257 2820 viceaimi,
1303 2753 1448 2826 poet
1491 2765 1622 2806 non
1668 2743 1899 2805 multoa
1927 2742 2059 2805 dica
2086 2741 2448 2823 vigeaimum

185 2833 487 2918 quintum
528 2829 836 2908 initurua;
889 2851 966 2893 ex
1014 2851 1139 2912 quo
1180 2839 1459 2913 tempore
1511 2850 1655 2891 cum
1703 2850 1899 2891 annoa
1946 2827 2216 2911 quinque
2259 2850 2448 2912 aupra

184 2919 418 3002 viginti
457 2916 820 2996 evolviaaet,
864 2918 1109 3000 quando
1134 2937 1202 2978 ea
1230 2916 1598 2998 gerebantur
1631 2916 1700 2978 in
1737 2914 1961 2997 quibua
1988 2915 2307 2977 narrandia
2339 2917 2450 2977 de-

185 3006 344 3068 ainit
374 3004 529 3068 haec
570 3004 824 3067 hiatoria
870 3004 1294 3088 Pachymeria,
1336 3002 1864 3086 quadrageaimum
1913 3021 2149 3063 nonum
2190 2999 2446 3063 Andro-

186 3093 373 3240 niclqa
417 3091 584 3153 vitae
628 3112 860 3156 annum
901 3112 1101 3179 prope
1141 3091 1486 3156 abeolverat
1499 3138 1521 3168 ,
1570 3088 2138 3173 quinquagesimum
2159 3088 2448 3173 proxime

185 3179 301 3242 inc
346 3186 620 3243 oaturua.

370 3307 479 3373 lv.
564 3305 766 3389 Atque
803 3307 914 3370 hic
954 3308 1310 3372 declarandi
1336 3309 1518 3382 locua
1542 3315 1637 3369 eat
1662 3305 1832 3390 quod
1854 3303 2056 3369 obiter
2084 3302 2222 3366 dixi
2249 3324 2446 3386 prae-

193 3395 433 3460 fatione
478 3394 556 3458 ad
604 3395 952 3458 univeraum
995 3392 1118 3456 hoc
1163 3417 1322 3480 opua
1337 3444 1357 3476 ,
1418 3415 1577 3478 quae
1619 3393 1688 3457 in
1727 3395 1929 3457 fronte
1971 3391 2168 3476 partia
2220 3391 2447 3474 prioria

193 3482 525 3569 propoaita
554 3491 613 3544 et
644 3483 723 3546 ad
755 3481 917 3545 hanc
938 3478 1336 3545 nihilominua
1368 3483 1745 3546 extenditur.
1828 3479 2055 3563 acripai
2082 3486 2285 3540 autem
2313 3477 2447 3540 illic

196 3591 316 3654 per
360 3570 524 3632 hanc
561 3591 727 3632 nunc
761 3570 1167 3654 prodeuntem
1214 3568 1606 3652 Pachymaria
1645 3567 1965 3630 historiam
2000 3565 2238 3648 expleri
2272 3564 2449 3626 velut

198 3657 509 3740 quendam
555 3656 789 3720 hiatum
828 3657 1107 3740 publicae
1156 3659 1480 3719 memoriae
1525 3678 1561 3717 a
1602 3657 1812 3718 Niceta
1855 3665 1917 3718 et
1956 3653 2317 3735 Acropolite
2368 3654 2448 3711 ad

198 3746 712 3808 Cantacuzenum.
795 3744 864 3805 id
921 3745 1090 3826 quod
1130 3765 1259 3806 non
1297 3743 1628 3827 ὁλοσχερός
1664 3743 1861 3826 accipi
1905 3749 2015 3804 aut
2055 3737 2320 3802 reaecari
2368 3737 2451 3798 ad

194 3833 417 3896 vivum
463 3832 639 3893 volui
657 3875 675 3904 ‚
717 3830 888 3912 quasi
936 3825 1180 3914 ἆμέσως
1219 3838 1281 3891 et
1320 3831 1605 3913 protinus
1638 3831 1921 3910 contigue
1952 3826 2200 3889 initium
2231 3825 2450 3885 Canta-

199 3917 573 3980 cuzenianae
624 3917 917 3981 hiatoriae
954 3919 1069 3980 fini
1107 3918 1618 4000 Pachymerianae
1671 3917 2112 3978 committatur.
2200 3909 2453 3972 inchoat

196 4009 670 4069 Cantacuzenua
728 4005 1137 4068 narrationem
1179 4026 1354 4066 euam
1400 4026 1434 4066 e
1469 4014 1668 4066 morte
1709 4001 2096 4087 imperatorie
2141 3995 2455 4059 Michaelis

195 4093 457 4155 aecundi
494 4091 868 4174 Palaeologi‚
913 4113 1097 4173 quem
1141 4102 1429 4176 nepotem
1468 4074 1693 4173 prio⁸ria
1717 4089 2031 4154 Michaelis
2057 4083 2455 4148 Andronicua

196 4180 409 4242 aenior
437 4177 752 4242 Michaelis
775 4181 958 4262 primi
984 4181 1184 4258 filine,
1229 4178 1486 4242 emundi
1516 4188 1725 4262 pater,
1767 4174 2243 4260 primogenitum
2273 4191 2456 4232 auum

197 4266 447 4347 imperii
484 4267 782 4345 collegam
814 4266 1048 4330 habuit.
1134 4267 1303 4329 hunc
1340 4268 1800 4328 Cantacuzenue
1839 4262 2040 4345 primo
2071 4260 2274 4320 atatim
2308 4257 2453 4318 libri

198 4353 387 4437 primi
421 4353 624 4434 capite
647 4353 811 4414 diem
840 4374 1020 4416 euum
1046 4353 1267 4425 obiiaae
1289 4348 1994 4416 Tbeaaalonicae'aciibit
2011 4397 2027 4425 ,
2067 4346 2273 4430 τρίτον
2302 4340 2457 4425 πρὸς

196 4435 660 4524 τεσσαράκοντα
689 4433 918 4524 χρόνον
950 4438 1181 4527 ἄγοντα
1208 4445 1322 4525 τῆς
1347 4438 1611 4524 ἡλικίας,
1654 4438 1830 4512 ἔτους
1856 4430 2116 4500 indum
2141 4427 2299 4515 πρός
2328 4436 2460 4503 τοῖς

200 4529 401 4595 εἴκοσι
446 4525 557 4592 ml
598 4521 986 4608 ὀκτακοσίοις
1023 4526 1131 4594 καὶ
1170 4527 1621 4610 ffuminum,
1667 4518 1981 4610 δωδεκάτῃ
2021 4517 2211 4605 μηνὸς
2239 4513 2456 4581 Ὀκτω-
