3084 4850
846 301 1006 373 LIB.
1044 299 1163 374 11¹.
1233 298 1988 373 OERONOLOGIGUS.
2392 300 2547 376 829

264 474 533 555 sontem
567 473 980 533 enervationis
1002 473 1251 553 imperii
1286 469 1474 550 fuisse
1497 468 1716 533 scribit
1749 470 2209 551 parsimoniam
2221 470 2405 552 plene
2427 471 2549 531 sol.

289 558 655 621 vendarum
693 579 765 619 ex
791 557 932 639 fide
958 563 1329 641 pensionum
1344 607 1363 636 ,
1408 579 1572 640 quae
1595 555 2045 639 praesidiariis
2074 560 2324 618 arcium
2347 561 2415 619 in
2458 559 2547 618 Ii·-

294 652 453 708 mite
488 649 762 707 sitarum
796 646 950 706 olim
981 657 1260 707 statutae
1280 648 1556 726 juerant
1593 648 1662 705 in
1702 642 2034 705 mercedem
2063 664 2282 725 operae
2311 646 2551 706 milita-

292 738 428 806 rie,
469 731 624 794 adeo
655 734 795 794 illic
822 731 917 792 ad
935 754 1318 794 consmunem
1347 732 1611 792 tutelam
1633 733 2031 792 necessariae.
2113 728 2235 790 hae
2276 733 2553 811 maligne

294 841 479 881 meuc
517 818 1114 901 suppeditabantur,
1160 821 1443 881 avaritia
1477 819 1937 900 praefectorum
1982 819 2334 898 erogationi
2361 840 2555 900 pecu·

292 911 452 968 niae
467 907 783 987 publicae,
827 928 1095 989 quorum
1119 906 1550 988 apponebatur
1573 906 1774 966 lucris
1802 902 1979 988 quod
1991 926 2108 986 per
2133 908 2552 985 astutassru—

293 997 689 1054 strationum
725 1005 893 1055 artes
933 991 1350 1077 diffundenda
1380 993 1807 1074 praetextibus
1847 995 2056 1072 vafris
2086 991 2424 1052 solutionis
2451 991 2555 1052 die

295 1083 550 1141 miseria
589 1081 903 1141 militibus
941 1081 1423 1141 subtrahebatur
1435 1124 1456 1156 ,
1490 1083 1769 1162 pretium
1809 1077 2061 1140 sudoris
2102 1089 2161 1139 et
2195 1082 2552 1160 ,sang-uinis.

295 1167 399 1228 ita
444 1168 548 1229 ille
586 1167 710 1244 ibi3
755 1168 861 1249 qui
892 1177 953 1229 et
979 1168 1185 1229 multis
1212 1169 1469 1229 inferius
1504 1167 1657 1229 locis
1683 1165 1990 1247 significat
2028 1187 2155 1228 non
2189 1166 2308 1227 iam
2349 1168 2554 1227 solum

294 1274 423 1337 per
461 1252 761 1315 fiscalium
801 1255 1209 1316 calumniosas
1255 1254 1534 1332 fraudes,
1578 1254 1687 1316 sed
1729 1254 1930 1316 edicto
1967 1253 2103 1335 ipso
2138 1273 2213 1313 ac
2242 1253 2413 1314 iussu
2453 1253 2555 1313 di-

298 1349 473 1402 serto
519 1340 860 1402 Andronici
927 1341 1179 1420 Augusti
1236 1344 1560 1423 pensiones
1599 1351 1660 1403 et
1700 1351 2161 1403 auctoramenta
2208 1339 2555 1401 istiusmodi

299 1428 497 1488 fuisse
522 1428 881 1495 interversa.
968 1428 1130 1489 unde
1158 1429 1493 1490 necessario
1524 1427 1788 1508 contigit
1810 1427 2048 1490 arcium
2076 1427 2413 1488 custodiam
2441 1447 2555 1488 ne-

299 1505 505 1594 gligiJ
534 1534 609 1575 ac
654 1514 943 1595 quasdam
985 1515 1256 1597 ipsarum
1286 1515 1354 1575 in
1385 1514 1653 1575 militum
1690 1535 1768 1576 ex
1802 1524 1973 1598 perte
2006 1512 2270 1576 Persidis
2310 1525 2556 1576 contra-

300 1600 433 1663 rias
460 1602 734 1663 Romano
762 1600 945 1662 limiti
971 1603 1258 1663 stationes
1285 1601 1690 1662 obtinentium
1725 1602 1937 1664 venire
1974 1610 2356 1684 potestatem.
2443 1622 2556 1661 su-

300 1688 531 1749 stinuit
573 1687 836 1770 quodam
877 1696 1152 1769 tempore
1199 1688 1398 1749 labem
1426 1688 1598 1749 illam
1628 1708 1701 1749 ac
1725 1689 1966 1751 ruinam
1996 1688 2146 1750 felix
2177 1687 2380 1750 Alexii
2407 1686 2556 1748 Phi-

299 1773 704 1857 lsnthropeni
734 1796 844 1858 per
869 1773 1012 1837 illos
1040 1784 1275 1836 tractus
1305 1773 1541 1850 militia,
1571 1775 1821 1837 circiter
1848 1796 2075 1838 annum
2105 1772 2336 1837 Christi
2368 1774 2557 1852 1295,

302 1861 660 1925 Andronici
691 1867 802 1940 18,
846 1882 919 1924 eo
964 1861 1135 1924 missi
1180 1883 1317 1926 cum
1354 1862 1564 1924 valido
1608 1862 1920 1939 exercitu,
1962 1873 2153 1944 prout
2179 1862 2316 1924 fuse
2349 1868 2564 1924 narrat

302 1949 716 2032 Pachymerea
745 1950 788 2013 l.
813 1953 855 2016 8
875 1951 998 2012 vol.
1025 1948 1082 2011 11
1114 1969 1169 2011 c.
1188 1954 1249 2017 9.
1291 1949 1400 2012 sed
1426 1959 1748 2032 postquam
1774 1950 1826 2010 ia
1854 1948 2154 2012 rebellans
2172 1969 2207 2009 a
2237 1949 2560 2010 Libadario

304 2046 408 2099 eat
441 2056 768 2121 oppressus
789 2084 810 2116 ,
852 2046 917 2099 st
952 2036 1200 2115 Persae,
1242 2036 1349 2118 qui
1378 2037 1494 2098 sub
1526 2056 1601 2098 eo
1628 2036 2081 2107 militaverant.
2126 2037 2285 2098 male
2322 2034 2567 2104 multati

304 2127 551 2186 reversi
589 2124 878 2200 domum,
941 2133 1003 2184 et
1044 2143 1221 2183 causa
1270 2122 1463 2183 cladis
1502 2121 1891 2184 ulciscendae
1932 2125 2001 2183 'et
2047 2120 2274 2183 fiducia
2327 2122 2562 2184 nullius

307 2209 465 2271 satis
523 2209 765 2269 validae
818 2228 1185 2269 occursurae
1243 2210 1554 2269 Romanae
1615 2206 1958 2289 potentiae,
2032 2205 2566 2289 Philanthropeno

306 2314 495 2375 quem
529 2314 719 2356 unum
755 2292 1089 2354 timuerant
1121 2303 1360 2372 amoto,
1404 2294 1649 2356 arcibus
1690 2294 1814 2355 iam
1854 2294 2096 2356 cunctis
2139 2294 2322 2376 potiti
2364 2295 2568 2356 licen·

292 2382 546 2444 ‘tissime
579 2380 645 2442 in
686 2380 986 2443 subiectas
1037 2381 1292 2466 imperio
1347 2381 1627 2464 regiones
1677 2381 1905 2465 passim
1950 2380 2356 2451 inundarunt.
2440 2379 2567 2444 hoc

308 2478 611 2530 memorat
634 2465 1038 2550 Pachymeres
1060 2470 1157 2537 1.ss
1180 2470 1309 2534 vol.
1326 2468 1385 2531 11
1412 2491 1468 2534 c.
1499 2470 1604 2549 14,
1648 2479 1711 2531 et
1738 2469 2012 2553 coepisse
2028 2469 2277 2533 videtur
2300 2470 2375 2530 ab
2392 2490 2558 2532 anno

309 2554 461 2617 Chr.
506 2559 701 2632 1297,
751 2555 991 2639 imperii
1035 2556 1368 2619 Andronici
1416 2558 1515 2626 15.
1589 2556 1846 2620 durasse
1885 2577 2034 2618 vero
2079 2558 2210 2619 sins
2248 2557 2563 2620 intermis-

310 2643 525 2720 sione,
566 2643 754 2703 immo
786 2664 925 2705 cum
958 2644 1363 2706 atrocioribus
1400 2643 1665 2706 subinde
1696 2645 2002 2706 melorum
2035 2644 2410 2725 augmentis,
2458 2665 2567 2707 us-

311 2750 438 2811 que
481 2729 561 2790 ad
601 2729 784 2790 finem
834 2729 1018 2794 huius
1057 2730 1381 2808 historiae,
1423 2730 1795 2811 intelligitur
1831 2751 1909 2793 ex
1950 2731 2452 2811 frequentissimis
2494 2750 2566 2792 ea

313 2820 395 2879 de
427 2837 496 2878 re
524 2818 719 2878 nostri
751 2816 1028 2879 historici
1058 2817 1320 2898 querelis
1347 2837 1422 2878 ac
1445 2818 1982 2882 lamentationibus
2010 2838 2127 2901 per
2154 2827 2412 2881 cunctos
2436 2818 2566 2881 fere

315 2913 758 2981 consequentes
781 2902 969 2965 huius
994 2906 1196 2986 operis
1221 2905 1411 2968 libros
1443 2905 1692 2988 sparsis.

493 2988 562 3050 V.
649 2990 744 3051 Ex
774 2989 872 3051 his
918 3000 1083 3069 patet
1119 3012 1296 3073 quam
1330 3000 1734 3055 consentanee
1760 2993 1840 3055 ad
1872 3001 2115 3055 nostrae
2146 2989 2335 3052 huius
2366 2988 2563 3051 histo-

314 3077 446 3140 riae
486 3077 839 3137 memoriam
886 3078 1150 3139 Arabum
1196 3077 1443 3141 annales
1478 3080 1750 3142 referant
1791 3079 1959 3163 quod
2002 3078 2287 3161 superius
2325 3076 2563 3138 exscri-

313 3164 575 3247 psimus,
619 3163 1010 3244 Ortogrulem
1054 3163 1376 3226 Othmanis
1403 3177 1640 3249 patrem
1678 3168 1896 3230 obiisse
1929 3187 2088 3228 anno
2118 3164 2376 3244 Hegiras
2404 3168 2555 3241 687,

316 3250 533 3333 quiex
560 3260 733 3332 parte
763 3252 1057 3312 coincidit
1092 3272 1232 3315 cum
1274 3273 1436 3315 anno
1476 3253 1702 3317 Christi
1737 3260 1938 3331 1288,
1982 3253 2289 3335 inclytum
2323 3251 2565 3313 bellicis

317 3337 737 3415 successibus,
783 3338 860 3400 de
900 3341 1167 3403 Romana
1214 3339 1502 3404 videlicet
1547 3342 1770 3402 Persici
1809 3340 2025 3403 limitis
2069 3340 2289 3403 militia
2330 3338 2565 3417 relatis,

318 3430 548 3507 quippe
576 3446 731 3508 quae
763 3426 884 3486 iam
923 3436 1055 3487 tum
1091 3448 1124 3487 a
1163 3437 1403 3510 recepta
1446 3430 1523 3491 de
1561 3429 1788 3489 Latinis
1832 3428 2398 3510 Constantinopoli,
2441 3425 2565 3487 hoc

318 3521 417 3574 est
450 3512 526 3572 ab
554 3512 730 3573 annis
759 3522 924 3574 retro
958 3512 1220 3575 sedecim
1239 3559 1258 3591 ,
1302 3513 1607 3580 debilitari
1636 3516 1811 3578 valde
1843 3526 2170 3598 coeperat.·
2205 3534 2393 3596 quare
2424 3533 2567 3574 suc-

318 3598 542 3659 cedens
583 3599 906 3679 Ortogruli
947 3599 1213 3664 Othman
1259 3599 1423 3664 filius
1467 3603 1701 3684 aliquot
1740 3603 1859 3664 iam
1905 3613 2040 3666 tum
2069 3602 2288 3665 habuit
2317 3603 2456 3663 loca
2489 3599 2570 3661 de

322 3685 610 3747 Romanis
647 3708 832 3748 manu
872 3698 1080 3770 parta,
1126 3687 1348 3773 quibus
1393 3692 1574 3773 plura
1613 3691 1966 3773 maioraque
2005 3699 2330 3774 postquam
2372 3706 2571 3749 anno-

318 3792 461 3833 rum
510 3772 781 3854 plurium
822 3775 1111 3836 continua
1149 3775 1439 3841 felicitate
1475 3779 1554 3842 ad
1588 3789 1901 3861 paternam
1932 3778 2369 3859 Karaiaptagae
2395 3775 2569 3835 adie-

319 3857 506 3920 cisset
529 3859 825 3923 ditionem
843 3905 863 3939 ,
906 3862 1174 3925 sultanis
1198 3864 1482 3947 denique,
1523 3864 1647 3927 hoc
1676 3874 1765 3927 est
1791 3866 2058 3948 supremi
2083 3862 2406 3946 principis,
2449 3881 2571 3921 no·-

319 3964 461 4006 men
490 3944 657 4008 haud
689 3946 993 4010 dubitavit
1023 3970 1338 4032 usurpare,
1380 3953 1543 4016 tueri
1574 3974 1638 4015 se
1667 3954 1824 4016 illud
1853 3973 2034 4036 posse
2062 3969 2333 4033 sperans.
2380 3946 2570 4012 huius

319 4033 552 4115 primae
581 4054 654 4094 ac
684 4037 856 4115 quasi
898 4036 1372 4101 fundament-lis
1399 4040 1668 4124 epochae
1697 4039 2073 4102 Ottomauici
2095 4034 2339 4118 imperii
2363 4036 2572 4097 sedem

322 4140 399 4182 ex
432 4139 583 4181 vero
615 4120 684 4183 in
714 4122 935 4185 ordine
967 4134 1312 4206 temporum
1342 4138 1610 4191 statuere
1635 4138 1914 4190 nostrum
1954 4136 2076 4202 est,
2126 4126 2293 4205 quod
2325 4123 2570 4187 efficere

321 4207 684 4269 conabimur
726 4211 1091 4293 comparatis
1136 4214 1405 4276 Arabum
1449 4216 1965 4295 chronologorum
1990 4212 2274 4276 etnostri
2313 4211 2569 4293 Pachy-

319 4295 501 4357 meris
529 4295 917 4361 testimoniis.
971 4299 1166 4362 refert
1190 4301 1624 4386 Pachynus-es,
1665 4325 1726 4387 p.
1758 4308 1885 4371 327
1910 4324 1969 4364 v.
1995 4308 2036 4369 6
2056 4346 2075 4380 ,
2118 4304 2437 4362 Mummi·
2467 4301 2567 4358 5¹¹·

318 4383 584 4446 valuisse
611 4384 833 4467 opibus
866 4385 1160 4450 adiuncta
1187 4388 1302 4451 sibi
1332 4410 1519 4453 manu
1546 4391 1879 4455 fortissima
1917 4389 2285 4454 bellatorum
2323 4385 2564 4450 acerri-
