3084 4850
533 264 686 339 802
1141 264 1623 337 OBSERVAT.
1660 265 2154 339 neuma.

526 434 808 518 guntione
836 432 1115 512 eveum,
1141 434 1392 498 tandem
1416 435 1473 496 ei
1498 434 1829 517 persuadet
1853 435 2176 497 traiectum
2195 434 2264 497 in
2292 435 2664 499 occiduum
2683 445 2837 500 tra-

531 533 721 601 ctum,
764 530 836 583 ut
874 521 957 582 ibi
996 523 1200 602 copiae
1246 543 1386 584 cum
1424 523 1601 604 priua
1641 542 1715 584 eo
1758 526 2033 605 protecto
2058 521 2352 585 michaele
2377 523 2682 605 Augusto
2723 526 2836 587 iu-

532 611 707 673 niore
751 609 1160 691 coniungeret.
1243 629 1387 691 ergo
1432 609 1536 671 ille
1589 610 1826 672 eunctia
1873 609 2164 672 Romania
2222 612 2579 692 regiouibua
2649 633 2836 692 qua-

532 719 655 778 qua
708 696 954 757 transiit
994 696 1282 773 vastatia,
1338 697 1543 778 copiae
1587 696 1850 778 denique
1895 697 2170 760 traducit
2223 699 2453 778 partim
2501 697 2837 779 Mitylene

531 784 760 868 partim
808 784 1139 862 Lampsaco
1209 782 1533 863 Madytum
1601 793 1667 846 et
1720 785 1787 845 in
1854 785 1974 846 alia
2044 783 2415 845 continentia
2485 785 2836 847 occiduae

531 874 665 933 loca
681 920 701 953 ,
754 870 863 931 ubi
909 871 1216 931 Romanoa
1250 869 1556 933 hostiliter
1593 872 1864 935 Catelani
1914 869 2272 954 depraedati
2315 880 2485 933 aunt.
2587 884 2838 937 narrat

533 958 689 1020 haec
748 955 1149 1037 Pachymeree
1198 956 1243 1018 1.
1285 961 1328 1025 6
1394 978 1448 1019 c.
1490 963 1555 1025 3.
1667 978 1826 1036 quae
1889 960 2019 1020 aine
2079 958 2268 1020 dubio
2335 958 2660 1041 pertinent
2737 960 2834 1021 ad

533 1045 869 1108 Octobrem
902 1053 1010 1105 aut
1035 1044 1436 1106 Novembrem
1463 1044 1609 1106 anni
1638 1043 1789 1107 Chr.
1818 1050 2019 1123 1806,
2061 1045 2312 1125 quando
2351 1045 2640 1107 nondum
2673 1050 2830 1108 An-

534 1133 827 1194 dronicus
855 1132 942 1199 24
961 1176 979 1208 ,
1023 1129 1282 1192 Michael
1319 1136 1396 1199 18
1425 1130 1664 1214 imperii
1689 1153 1918 1194 annum
1947 1133 2366 1214 expleverant.
2452 1134 2630 1194 unde
2655 1134 2834 1195 ulti-

534 1240 706 1283 mum
734 1218 803 1279 id
832 1227 1074 1298 tempus
1109 1228 1202 1279 eat
1229 1238 1353 1299 quo
1390 1238 1611 1281 verum
1649 1237 1777 1279 ease
1804 1219 2012 1301 potuit
2041 1220 2200 1282 illud
2227 1218 2400 1301 quod
2433 1221 2656 1282 scribit
2687 1242 2826 1282 no-

534 1315 665 1369 ater
690 1306 758 1367 in
785 1307 989 1366 l'ronte
1012 1304 1155 1368 libri
1183 1305 1452 1387 septimi:
1492 1305 1795 1367 mnbobue
1838 1310 1975 1366 iam
2012 1308 2532 1388 imperatoribus,
2574 1311 2828 1369 emion‘

536 1391 791 1476 quidem
827 1396 1076 1452 tertium
1119 1404 1177 1452 et
1209 1394 1575 1453 vicesimum
1589 1437 1609 1472 ,
1663 1394 1906 1453 iuniori
1947 1405 2160 1454 autem
2198 1392 2651 1456 duodecimum
2685 1419 2822 1457 aa·

536 1503 688 1542 num
728 1482 977 1561 imperii
1020 1480 1225 1541 evolvi
1281 1482 1570 1561 contigit.
1676 1480 1975 1562 progressi
2023 1481 2182 1541 enim
2230 1488 2493 1559 uterque
2537 1482 2824 1544 multum

535 1578 715 1630 erant
751 1567 817 1627 in
859 1587 1021 1628 anno
1049 1567 1153 1628 ille
1182 1564 1290 1646 24,
1330 1564 1435 1628 hic
1468 1569 1571 1647 13,
1603 1567 1713 1628 aed
1753 1576 1972 1629 neuter
2007 1567 2180 1628 illum
2224 1566 2601 1630 absolverat:
2649 1569 2820 1631 deei-

534 1664 700 1717 nunt
738 1654 900 1714 enim
944 1654 1088 1715 anni
1138 1673 1328 1733 aeque
1363 1653 1685 1715 amborum
1720 1664 1994 1716 extremo
2035 1655 2370 1716 Decembri.
2458 1676 2618 1717 nsua
2664 1676 2818 1738 ergo

533 1741 898 1824 repetitione
926 1740 1191 1821 quadam
1218 1749 1313 1801 eat
1343 1741 1494 1803 dum
1521 1740 1640 1801 iata
1671 1743 1913 1821 acripait
1938 1741 2366 1823 Pachymerea,
2408 1751 2474 1802 et
2507 1752 2688 1806 retro
2732 1764 2819 1805 ex

534 1827 2230 1996 {223232331332'233”sstss'sissffl'ssz’fflffi‘
2239 1827 2816 1994 §.¹30⁰Sssss‘21‘5211

534 1980 539 1983 .
1717 1961 1737 1991 2

537 2023 620 2063 ex
644 2001 765 2063 hoc
786 2012 1063 2083 tempore
1086 1999 1397 2083 processit.
1482 2001 1597 2061 etei
1628 2002 1789 2063 enim
1816 2001 2020 2063 adhuc
2041 2002 2405 2064 Rontzeriua
2434 2013 2502 2063 et
2533 1990 2666 2065 e'iua
2691 2004 2814 2065 mi-

538 2091 677 2151 litea
706 2108 770 2149 ae
796 2089 1220 2171 stipendiario·
1254 2085 1491 2172 imperii
1527 2088 1837 2169 ferebant,
1893 2099 2101 2149 tamen
2137 2110 2261 2174 non
2307 2088 2493 2150 dubie
2537 2082 2810 2173 apertam

538 2176 936 2239 desectionem
962 2174 1473 2247 machinabantur
1487 2221 1506 2252 ,
1547 2175 1722 2238 cuiun
1754 2185 1924 2238 certa
1946 2176 2174 2239 indicia
2205 2177 2563 2238 Genuenaea
2583 2179 2808 2259 degen-

537 2274 629 2325 tea
659 2263 908 2324 Galatae
938 2263 1290 2326 Andronico
1323 2262 1710 2341 detulerunt,
1752 2274 1827 2326 ut
1869 2272 2081 2326 noater
2119 2265 2308 2326 refert
2337 2264 2380 2331 l.
2410 2269 2454 2329 6
2494 2285 2550 2326 c.
2580 2272 2625 2333 6
2659 2275 2724 2326 et
2749 2269 2808 2331 9.

542 2361 606 2412 et
631 2369 775 2411 eane
804 2370 902 2410 rea
924 2350 991 2412 id
1018 2351 1186 2433 ipsae
1210 2349 1655 2430 loquebantur:
1697 2371 1840 2413 nam
1874 2371 1954 2411 ex
1979 2347 2104 2414 hoc
2137 2351 2498 2434 praeaertim
2533 2362 2810 2436 tempore

541 2439 794 2502 relictae
835 2439 1300 2520 oppugnationi·
1327 2438 1659 2519 Magnesiae
1700 2437 1854 2501 nihil
1891 2439 2091 2501 minua
2125 2440 2550 2500 contumaciae
2591 2441 2659 2500 in
2695 2440 2809 2499 im-

544 2534 924 2610 peratorem,
1000 2524 1283 2587 saevitiae
1335 2525 1404 2588 in
1451 2525 1759 2588 Romanoa
1810 2546 2018 2586 omnes
2063 2525 2332 2587 Catelani
2383 2536 2810 2588 monatrarunt

545 2633 732 2694 quarn
764 2611 880 2693 ipsi
918 2610 1123 2673 hostes
1148 2613 1363 2673 Persae
1407 2610 1672 2675 barbari.
1761 2632 1834 2672 ac
1879 2633 2245 2692 quamquam
2289 2631 2394 2672 eoa
2420 2613 2812 2675 Andronicus

546 2709 814 2761 tractare
841 2699 1043 2760 adhuc
1068 2708 1141 2760 ut
1171 2699 1366 2761 aocioa
1389 2699 1697 2781 pergebat,
1727 2698 1949 2780 ignavo
1977 2699 2347 2760 oomtrictua
2373 2709 2568 2776 metu,
2612 2711 2812 2760 tamen

548 2788 707 2849 alter
736 2788 1069 2868 imperator
1091 2783 1347 2847 michael
1380 2807 1494 2868 pro
1523 2786 1688 2847 veria
1720 2805 1842 2862 eoa,
1886 2788 2094 2867 quales
2120 2795 2316 2860 erant,
2358 2786 2561 2866 palam
2595 2786 2815 2847 habuit

548 2872 846 2949 hostibus,
874 2873 1203 2955 adiungere
1222 2874 1358 2935 illos
1386 2871 1500 2942 sibi
1521 2893 1786 2935 renuens
1811 2874 2058 2935 iubente
2087 2872 2231 2934 licet
2257 2883 2452 2953 patre,
2483 2883 2549 2933 et
2577 2873 2817 2936 irruere

548 2961 617 3022 in
646 2962 807 3042 ipsos
833 2979 894 3019 se
920 2974 1203 3040 paratum
1228 2963 1443 3038 serens,
1488 2971 1563 3022 ut
1587 2962 1770 3022 docet
1797 2973 2007 3024 noster
2031 2959 2073 3023 l.
2101 2964 2141 3026 6
2172 2981 2223 3019 c.
2249 2964 2290 3024 3
2322 2968 2386 3019 et
2419 2966 2523 3025 18.

726 3045 881 3107 V111.
967 3047 1195 3108 Verum
1223 3049 1471 3126 quidem
1500 3055 1593 3107 eet
1621 3050 1749 3125 geri
1778 3058 2057 3131 coeptum
2097 3069 2131 3106 a
2163 3046 2460 3106 Catelanis
2487 3047 2556 3107 in
2582 3047 2816 3108 Roma-

550 3154 665 3197 noa
692 3133 886 3195 multo
914 3133 1176 3216 apertius
1198 3143 1259 3192 et
1277 3133 1597 3195 immaniua
1621 3134 1848 3196 bellum
1878 3146 2018 3217 post
2044 3153 2251 3196 necem
2282 3135 2619 3207 Rontzerii,
2665 3151 2816 3213 qnae

553 3242 717 3285 anno
759 3220 1036 3300 aequenti
1074 3220 1344 3300 contigit.
1430 3219 1537 3280 aed
1581 3219 1727 3281 inde
1772 3221 1941 3288 aliud
1984 3242 2110 3283 non
2153 3220 2478 3282 conficitur
2524 3219 2644 3278 nisi
2692 3221 2815 3280 duo

553 3307 729 3391 quasi
752 3308 934 3368 fuisse
965 3307 1139 3369 initia
1168 3305 1493 3368 Catelanici
1532 3307 1706 3382 belli,
1750 3326 2010 3385 quorum
2047 3307 2307 3367 alterum
2333 3305 2413 3365 ad
2444 3315 2816 3367 autumnum

557 3394 708 3456 anni
734 3391 962 3456 Christi
992 3398 1181 3477 1806,
1224 3394 1484 3455 alterum
1512 3393 1592 3452 ad
1619 3414 1727 3454 ver
1752 3395 1897 3455 anni
1924 3395 2091 3460 1307
2117 3392 2395 3472 pertinet.
2480 3391 2656 3451 unde
2683 3412 2818 3453 cre-

559 3481 760 3542 dimus
786 3480 1216 3562 Pachymerem
1246 3501 1385 3544 cum
1423 3480 1691 3543 secundo
1719 3478 2040 3542 referendo
2069 3498 2133 3538 ae
2163 3478 2536 3558 accingeret,
2581 3479 2646 3539 in
2687 3480 2816 3561 ipso

555 3568 769 3631 limine
790 3567 931 3629 libri
953 3573 996 3634 7
1016 3568 1237 3649 prioris
1261 3568 1554 3650 epocham
1579 3588 1657 3629 ex
1686 3576 1853 3630 retro
1881 3567 2032 3628 actia
2053 3566 2395 3642 retraxisse,
2437 3566 2618 3644 eique
2644 3587 2817 3627 men-

557 3655 727 3718 tione
753 3655 1139 3716 coniunxiaae
1163 3667 1381 3717 eventa
1406 3655 1621 3727 multa,
1649 3676 1914 3734 quornm
1942 3653 2235 3735 quaedam
2265 3653 2622 3733 posterioria
2646 3662 2818 3714 erant

560 3743 922 3820 memoriae,
959 3749 1024 3802 et
1049 3759 1175 3804 non
1203 3744 1285 3806 ad
1313 3763 1543 3804 annum
1574 3741 1911 3805 Andronici
1939 3745 2026 3810 23
2053 3740 2396 3823 expletum,
2440 3739 2527 3805 24
2558 3759 2815 3801 curren-

562 3840 710 3909 tem,
754 3825 1063 3891 Michaelia
1092 3834 1172 3895 12
1193 3832 1521 3913 expletum,
1569 3834 1650 3895 13
1680 3840 2048 3910 currentem,
2091 3829 2196 3908 qui
2223 3828 2340 3888 fuit
2366 3821 2594 3885 Christi
2631 3831 2817 3900 1306,

558 3918 985 3999 pertinebant,
1026 3915 1139 3976 aed
1175 3916 1255 3977 ad
1296 3925 1643 3997 sequentem
1691 3913 1834 3984 Chr.
1873 3921 2070 3995 1307,
2113 3936 2236 3995 quo
2280 3912 2668 3973 Andronicus
2715 3916 2816 3988 25,

557 4003 819 4066 Michael
854 4004 932 4071 14
962 4003 1291 4071 iniverunt.
1362 4002 1514 4065 haec
1553 4003 1739 4083 igitur
1763 4005 1987 4068 aolutio
2023 4011 2117 4063 eat
2158 3999 2515 4061 obiectionia
2542 3998 2818 4079 auperiua

562 4113 626 4152 n.
654 4095 696 4158 5
724 4091 1086 4174 propositae.
1171 4090 1439 4153 concedo
1467 4101 1843 4171 secuturum,
1885 4089 2050 4171 quod
2081 4085 2433 4169 opponitur,
2477 4085 2817 4145 incommo-

560 4176 715 4242 dum
745 4177 1147 4241 submotionia
1190 4178 1494 4240 adventus
1530 4179 1598 4238 in
1627 4177 1844 4240 urbem
1875 4176 2184 4238 Rontzerii
2213 4183 2383 4234 retro
2424 4172 2490 4232 in
2527 4170 2818 4232 indictio-

560 4283 707 4325 nem
742 4266 1032 4347 primam,
1073 4266 1125 4326 ai
1163 4263 1472 4324 Michaelis
1506 4264 1759 4344 Augusti
1812 4266 2040 4346 duplex
2092 4281 2128 4320 a
2171 4258 2473 4319 Catelania
2512 4257 2715 4317 cladea
2759 4265 2819 4314 et

564 4350 709 4412 inde
739 4359 942 4412 secuta
972 4352 1101 4412 eiua
1139 4350 1305 4413 intra
1330 4349 1826 4430 Didymoticlmm
1853 4350 2107 4413 inclusio
2135 4348 2199 4408 in
2227 4367 2458 4406 annum
2482 4341 2815 4405 Andronici
