3084 4850
324 2470 367 2522 P
404 2468 507 2523 565·

316 4467 357 4477 ο

544 295 700 370 ⁷82
1158 291 1641 366 onsmtvar.
1687 291 2170 364 ramnum.

548 461 880 547 poteatatia.
970 461 1093 523 fuit
1128 462 1292 524 enim
1318 462 1433 525 illo
1459 480 1659 541 anuo,
1700 463 1777 523 ut
1818 463 2020 545 oqite
2054 460 2359 546 auperiori
2393 460 2797 539 catendimua,

545 548 775 613 Pascha
814 548 917 609 die
960 548 1190 631 ‘Aprilia
1230 553 1350 627 183
1386 551 1555 612 unde
1595 549 1838 612 maior-ia
1876 549 2289 612 hebdomadae
2326 549 2480 610 seria
2522 550 2795 610 secunda

547 637 706 698 diem
740 636 969 716 Aprilis
1004 640 1085 701 12
1110 636 1424 703 inaederit.
1488 635 1636 719 'quo
1664 637 2031 698 anteriorem
2056 636 2590 716 inaugurationem
2628 636 2798 696 Gre-

544 723 700 802 gorii
725 723 900 785 fateri
927 742 1171 785 neceaae
1200 722 1307 784 ait:
1351 742 1432 785 ex
1463 744 1582 806 qua
1619 723 1675 784 ai
1715 744 1828 784 aex
1858 725 2000 784 anni
2029 724 2196 804 pleni
2235 733 2297 784 et
2325 722 2560 806 aliquid
2603 741 2800 802 prae-

544 823 707 872 terea
752 812 1130 870 excurrentia
1166 810 1463 891 temporie
1504 821 1930 888 numerentur,
1974 811 2347 892 reperiemus
2381 810 2511 870 eiua
2545 808 2797 868 abdica-

543 900 770 960 tionem
823 898 891 957 in
933 914 1167 957 annum
1214 896 1443 958 Christi
1494 901 1660 965 1289
1709 906 1851 978 poet
1890 898 2158 958 medium
2204 898 2477 979 Aprilem
2516 895 2793 955 conferri

544 995 853 1067 oportere.
939 1002 1242 1065 ponamus
1284 1003 1434 1063 ergo
1475 983 1622 1045 licet
1666 984 2112 1046 abdicationem
2146 984 2358 1064 Cyprii
2396 994 2459 1043 et
2486 1003 2794 1043 aeceaeum

543 1075 674 1134 eiua
719 1071 786 1130 in
832 1072 1266 1132 monasterinm
1304 1070 1603 1132 Arietinae
1641 1092 1696 1132 c.
1729 1071 1878 1136 101.
1911 1076 1953 1136 2
1992 1080 2338 1147 narratum,
2382 1090 2595 1130 menae
2630 1069 2792 1129 Maio

545 1169 652 1219 aut
700 1157 878 1217 lunio
920 1158 1070 1217 enni
1115 1156 1303 1217 modo
1345 1156 1662 1218 memorati
1706 1178 1740 1216 a
1783 1156 2023 1218 Chi-iato
2069 1164 2213 1217 nato
2261 1162 2427 1226 1289
2471 1156 2790 1241 accidiaae.

545 1246 695 1307 hinc
724 1244 847 1305 duo
872 1252 1076 1304 treave
1104 1261 1335 1305 menaea
1368 1243 1665 1305 fluxerint
1699 1244 1763 1310 in
1796 1243 2288 1305 altercationibus
2316 1253 2376 1304 et
2407 1243 2794 1324 disquiaitio-

546 1333 724 1393 nibus
747 1353 780 1390 a
808 1341 1022 1391 nostro
1050 1329 1347 1391 historico
1369 1331 1583 1392 relatia
1604 1353 1636 1391 a
1665 1331 1864 1412 capite
1897 1336 1971 1397 11
2006 1331 2146 1391 libri
2173 1336 2217 1397 2
2242 1331 2319 1390 ad
2351 1333 2450 1406 15,
2496 1351 2624 1410 quo
2658 1338 2792 1389 tan-

545 1421 684 1483 dem
735 1416 1026 1479 acribitur
1070 1416 1468 1478 Athanasium
1520 1418 1641 1478 iam
1677 1430 1851 1478 antea
1901 1418 2158 1478 electum
2188 1417 2642 1498 patriarcham,
2691 1417 2793 1475 die

548 1507 633 1573 14
672 1505 890 1565 mentia
928 1504 1218 1567 Octobris
1258 1505 1322 1564 in
1364 1505 1598 1581 templo
1658 1506 1776 1579 rite
1820 1505 2005 1566 suiaae
2051 1492 2417 1569 ordinatum.
2508 1502 2792 1585 procedit

544 1612 688 1671 ergo
725 1592 900 1673 prior
939 1590 1386 1674 patriarchatua
1420 1591 1729 1653 Athanasii
1756 1615 1791 1652 a
1816 1591 2019 1675 pridie
2047 1592 2267 1653 lduum
2303 1590 2600 1652 Octobr-ia
2640 1588 2790 1650 anni

547 1698 722 1742 aerae
749 1677 981 1740 ebrini
1007 1678 1280 1757 vulgaria
1305 1682 1495 1745 1289.

719 1764 825 1826 vt.
911 1764 1103 1826 Paulo
1120 1773 1268 1825 ante
1294 1773 1685 1826 memoratam
1712 1761 2020 1825 Athanaaii
2051 1760 2430 1845 patriarchae
2452 1759 2790 1823 tranamia-

545 1852 781 1913 aionem
824 1849 969 1911 freti
1007 1849 1087 1910 ad
1117 1849 1551 1932 Helenopolim
1584 1859 1644 1910 et
1672 1850 2112 1933 prosectionem
2156 1850 2224 1908 in
2254 1848 2573 1910 Orientem
2612 1869 2790 1908 com·

545 1957 796 1999 munem
829 1936 926 1997 illi
969 1937 1155 1998 fuisse
1196 1956 1337 1999 cum
1384 1936 1733 1996 Andronico
1787 1934 2156 2017 imperatore
2197 1934 2380 1997 docet
2411 1943 2630 1995 noster
2669 1934 2788 1994 hoc

544 2025 706 2086 libro
735 2029 777 2090 2
799 2043 856 2089 c.
883 2028 964 2091 18
984 2069 1003 2099 ,
1046 2023 1196 2084 dum
1238 2023 1668 2105 imperatorem
1703 2043 1769 2083 ae
1803 2023 2136 2083 contulisse
2168 2016 2597 2104 Nymphaeum
2637 2041 2789 2081 narb

546 2121 676 2190 rat,
722 2120 786 2173 et
830 2132 902 2172 eo
940 2110 1163 2173 itinere
1206 2121 1409 2193 partes
1435 2109 1754 2192 Bithyniae
1785 2120 2227 2190 transgreaaum
2252 2107 2338 2169 ibi
2366 2107 2572 2167 obiter
2596 2107 2790 2188 egiaae

544 2202 709 2260 circa
748 2197 1015 2261 Veccum
1059 2208 1121 2260 et
1155 2198 1283 2260 eiua
1331 2198 1563 2276 aocioa,
1627 2217 1778 2279 quae
1813 2195 1997 2279 paulo
2037 2204 2179 2256 anta
2225 2194 2559 2273 (nimirum
2605 2216 2663 2256 c.
2703 2196 2786 2260 35

541 2287 589 2347 1.
627 2292 708 2360 1)
755 2305 819 2346 ae
863 2304 1225 2347 memoratae
1262 2283 1365 2347 ait.
1450 2284 1674 2366 quibua
1719 2284 1924 2346 verbis
1959 2284 2166 2345 innuit
2188 2282 2501 2345 Athanasii
2530 2284 2786 2363 quidem

539 2370 919 2455 patriarchae
964 2372 1240 2446 nomine,
1289 2372 1718 2455 imperatorem
1756 2372 2170 2435 Andronicum
2201 2369 2586 2446 comitantia,
2631 2370 2784 2431 mia·

542 2480 678 2521 aum
716 2478 1002 2538 magnum
1050 2458 1420 2539 logothetam
1462 2459 1542 2519 ad
1586 2460 1886 2521 Vaccum:
1944 2469 2251 2520 caeterum
2286 2457 2354 2519 id
2399 2468 2608 2518 totum
2654 2474 2782 2517 eaae

536 2556 745 2606 actum
780 2545 1075 2606 instinctu
1112 2556 1174 2606 et
1215 2546 1384 2606 iuaau
1428 2545 1833 2629 imperatoria.
1915 2567 2031 2608 nec
2072 2546 2232 2608 enim
2280 2553 2410 2607 erat
2449 2543 2782 2605 veriaimila

537 2630 983 2715 patriarcham,
1026 2643 1332 2693 austerum
1372 2631 1677 2696 hominem
1718 2655 1791 2695 ac
1826 2634 2052 2711 ferum,
2093 2638 2314 2715 sponte
2336 2630 2637 2692 initurum
2666 2651 2780 2690 co·

538 2720 895 2800 gitationem
937 2718 1122 2780 Vecci
1162 2728 1223 2779 et
1258 2720 1569 2782 sociorum
1621 2722 1778 2793 eiua,
1835 2741 1991 2802 quoa
2032 2719 2290 2801 peaaime
2332 2716 2548 2778 oderat
2591 2715 2776 2777 homo

537 2806 850 2867 achiamati
907 2806 1382 2886 addictiaaimua,
1440 2808 1979 2869 aublevandorum.
2062 2825 2258 2868 unum
2306 2803 2411 2865 hic
2467 2803 2778 2885 quandam

536 2893 694 2954 male
721 2892 1099 2955 cohaerentia
1124 2902 1185 2954 et
1209 2913 1411 2957 aecum
1443 2895 1578 2977 ipaa
1609 2895 1857 2956 collisae
1880 2891 2246 2954 narrationia
2282 2889 2546 2972 apeciem
2572 2889 2774 2964 habet,

540 2981 841 3061 siquidem
870 2980 981 3042 illo
1008 2980 1200 3064 priori
1229 2983 1368 3044 loco
1398 3004 1456 3064 p.
1488 2986 1611 3048 103
1640 3002 1702 3042 v.
1738 2985 1815 3048 11
1845 2979 2106 3040 affirmat
2131 2977 2466 3040 historicua
2491 2998 2777 3058 magnum

540 3066 945 3148 logothetam,
988 3068 1095 3149 qui
1143 3068 1222 3132 ad
1266 3069 1534 3131 Veccum
1579 3067 1654 3128 ab
1692 3065 2022 3128 Athanaaio
2060 3065 2277 3127 miaaua
2314 3074 2450 3143 eat,
2493 3065 2774 3126 nondum

545 3155 731 3216 suinae
758 3155 1305 3236 protoveatiarium,
1335 3177 1396 3237 p.
1422 3163 1623 3216 autem
1659 3157 1779 3222 153
1809 3174 1871 3216 v.
1901 3159 1944 3221 6
1971 3154 2189 3215 diserte
2217 3152 2426 3214 acribit
2456 3150 2776 3214 Androni—

550 3261 689 3301 cnm
733 3241 1320 3321 imperatorem-iia
1363 3242 1560 3302 obiter
1599 3259 1737 3302 cum
1781 3239 1982 3303 Vecco
2026 3239 2350 3302 transactio
2392 3259 2547 3321 quae
2587 3238 2776 3322 paulo

547 3337 688 3388 ante
731 3328 1026 3405 diximus,
1073 3327 1488 3411 Nymphaeum
1525 3327 1876 3410 perveniase
1915 3329 2139 3390 comite
2176 3347 2380 3389 aecum
2406 3327 2596 3388 ducto
2632 3326 2771 3388 Mu-

544 3414 790 3488 talene,
834 3433 1020 3495 auper
1055 3417 1365 3495 antiquum
1410 3413 1702 3477 honorem
1748 3416 1948 3495 magni
1994 3413 2336 3496 logothetae
2366 3434 2527 3475 nova
2559 3423 2770 3496 proto·

543 3500 813 3560 veetiarii
842 3500 1137 3578 dignitate
1164 3502 1465 3564 decorato.
1553 3503 1657 3564 aed
1684 3502 1834 3564 baec
1859 3502 2096 3565 facilem
2132 3500 2620 3562 conciliationem
2652 3499 2769 3561 ha-

543 3587 725 3661 hent,
764 3587 814 3648 ai
860 3587 1104 3648 dicatur
1138 3591 1374 3666 atatim,
1418 3600 1738 3670 postquam
1772 3612 1804 3652 a
1837 3590 2201 3671 praeacripta
2245 3588 2358 3648 aibi
2394 3588 2770 3668 profectione

537 3675 621 3736 ad
663 3674 930 3736 Veccum
985 3675 1223 3737 muzone
1268 3677 1507 3738 rediena
1549 3676 1940 3758 imperatorio
1974 3676 2283 3738 comitatui
2310 3695 2374 3736 ae
2402 3675 2634 3737 iterum
2659 3674 2774 3736 atl-

538 3763 773 3840 iunxit,
815 3762 890 3823 ab
922 3760 1192 3842 Auguato
1220 3764 1284 3823 in
1313 3763 1449 3847 ipao
1475 3763 1723 3842 itinere,
1769 3765 1939 3847 priua
1963 3784 2142 3845 quam
2168 3761 2592 3845 Nymphaeum
2614 3783 2771 3846 per-

536 3852 812 3927 veniret,
872 3849 1057 3912 suiaae
1108 3851 1646 3932 protovestiarium
1689 3852 2053 3916 declaratua.
2139 3849 2298 3911 nibil
2351 3869 2493 3929 ergo
2554 3865 2769 3911 cauaae

539 3947 632 3997 eat
663 3956 774 3998 cnr
801 3937 966 3998 istud
996 3936 1401 4000 laxamentum
1445 3957 1873 4000 aerumnarum
1907 3937 2092 4000 Vecci
2124 3958 2247 3997 non
2275 3936 2355 3997 ad
2382 3935 2543 3998 illud
2574 3935 2769 4018 perti-

536 4043 683 4085 nere
740 4024 1107 4086 affirmemus
1153 4035 1394 4109 tempua
1447 4046 1573 4107 quo
1621 4025 2003 4087 Andronicus
2044 4045 2122 4086 ex
2168 4023 2319 4085 urbe
2369 4024 2536 4102 regia
2579 4023 2770 4102 Nym-

538 4108 798 4192 phaeum
832 4132 897 4173 ae
924 4112 1221 4190 contulit,
1266 4122 1447 4195 prout
1495 4113 1535 4174 l.
1564 4116 1607 4177 2
1636 4133 1688 4177 c.
1721 4116 1802 4181 18
1844 4121 2232 4176 memoratur.
2322 4107 2764 4193 exploreudum

538 4216 680 4276 ergo
726 4199 899 4260 nobie
947 4205 1037 4260 ea't
1081 4201 1325 4280 quando
1384 4200 1708 4277 contigerit
1748 4203 1863 4261 iata
1903 4198 2225 4282 profectio.
2314 4206 2528 4260 πειτα
2570 4193 2766 4274 capite

533 4283 836 4364 auperiori
879 4295 1086 4348 noater
1131 4285 1459 4348 historicua
1490 4296 1746 4347 monem
1776 4286 2235 4370 expatriarchae
2264 4283 2478 4367 Cyprii
2509 4290 2577 4342 et
2604 4280 2765 4340 circa

540 4370 671 4431 eiua
700 4371 1051 4454 sepulturae
1074 4373 1332 4436 fat-a-
1368 4373 1883 4458 praeacriptionea
1906 4375 1984 4436 ab
2009 4374 2152 4458 ipae
2175 4374 2451 4455 Augusto
2479 4366 2562 4430 ad
2588 4366 2774 4430 ‘nue-
