3084 4850
691 364 857 438 un.
902 361 1019 437 111.
1126 360 1890 436 GHRONOLOGICUS.
2269 365 2424 438 855

157 527 290 628 ὅπα-ἱ
366 530 629 629 ssm‘-
665 527 923 626 thmm·
996 533 1226 597 dientia
1284 534 1612 618 impetrata
1679 533 2006 596 denuntiat
2075 534 2133 595 ei
2200 533 2429 599 dixisse

393 630 597 680 tiflenin.
993 622 1396 684 Athanasium
1427 643 1491 684 se
1519 632 1839 705 praesente
1872 622 2025 683 iram
2058 621 2156 683 dei
2187 624 2330 684 urbi
2355 646 2428 686 ac

372 684 629 784 'wiffam’
676 684 922 792 andrean
990 711 1221 794 populo
1258 710 1576 772 imminere
1603 711 1978 793 proximam,
2021 718 2085 770 et
2109 729 2333 791 cupere
2362 731 2430 773 se

137 795 317 863 1804
748 799 835 863 22
991 807 1066 860 ut
1089 800 1297 861 statim
1325 802 1635 880 Augustus
1667 798 1906 860 iuberet
1944 817 2054 879 per
2083 797 2285 857 omnia
2308 819 2427 860 ur-

672 875 904 923 ¹³¹⁸¹⁸⁶¹·
990 886 1083 947 bis
1109 887 1477 947 monasteria
1519 886 1687 948 orari
1730 894 1793 946 et
1824 883 2174 968 pel-vigilari
2198 905 2235 944 a
2264 905 2426 947 cun-

751 939 831 1004 11
989 973 1104 1034 ctis
1125 982 1264 1035 toto
1290 975 1518 1036 triduo.
1593 971 1918 1054 arripiente
1946 972 2262 1033 consilium
2288 971 2428 1035 Au-

983 1070 1163 1141 gusto
1205 1062 1413 1122 statim
1461 1063 1591 1143 ipsa
1631 1072 1811 1121 nocte
1847 1059 2168 1121 mandatae
2213 1079 2424 1139 preces

985 1148 1366 1210 indicuntur.
1448 1148 1745 1230 postridie
1776 1166 1954 1207 mane
1989 1146 2426 1208 animadvertit

982 1236 1316 1318 imperator
1343 1234 1540 1296 lenem
1571 1245 1772 1296 terrae
1786 1244 2047 1307 motum,
2088 1233 2274 1312 idque
2293 1253 2424 1310 esse

980 1322 1225 1385 initium
1238 1324 1381 1384 mali
1401 1323 1478 1383 ab
1489 1322 1826 1384 Athanasio
1846 1323 2259 1404 praenuntiati
2273 1342 2422 1382 cen-

981 1411 1124 1472 suit.
1215 1410 1316 1472 die
1367 1432 1518 1472 mox
1570 1410 1822 1493 septima
1874 1408 2108 1470 decima
2161 1408 2425 1470 Ianuarii

981 1507 1185 1559 terrae
1209 1507 1418 1559 motus
1443 1498 1658 1560 extitit
1686 1496 2127 1576 vehementior,
2159 1516 2283 1557 non
2318 1506 2421 1557 ta-
2458 1501 2506 1558 1²
2539 1502 2649 1559 620

981 1605 1121 1646 men
1150 1585 1257 1665 qui
1284 1606 1477 1666 usque
1517 1585 1599 1647 ad
1629 1584 2047 1646 aedificiorum
2071 1583 2426 1644 subversio-

980 1691 1119 1733 nem
1139 1673 1557 1734 invalesceret.
1602 1681 1756 1733 tunc
1782 1692 1908 1733 non
1934 1670 2237 1735 dubitavit
2267 1671 2420 1750 quin

979 1759 1317 1821 revelatum
1346 1759 1684 1822 Athanasio
1713 1760 1927 1820 fuisset
1957 1759 2244 1838 ingruens
2281 1758 2424 1822 urbi

979 1847 1353 1927 periculum,
1397 1856 1458 1907 et
1485 1848 1635 1927 quin
1664 1844 2209 1929 supplicationibus
2238 1846 2313 1904 ab
2349 1866 2425 1908 eo

980 1934 1365 2016 praescriptis
1395 1934 1584 1995 noxia
1610 1935 1706 1995 vis
1739 1945 1942 1995 terrae
1971 1942 2175 1994 motus
2203 1932 2425 1993 debili-

982 2031 1109 2083 tata
1132 2024 1364 2083 fuisset.
1451 2022 1619 2083 unde
1644 2022 1847 2102 ipsum
1873 2030 2188 2101 tamquam
2216 2019 2427 2082 homi-

979 2128 1120 2170 nem
1152 2109 1267 2170 deo
1298 2129 1511 2170 carum
1541 2108 1817 2190 suspexit
1856 2118 1920 2169 et
1961 2109 2025 2164 in
2060 2114 2293 2170 throno
2318 2127 2428 2170 re-

982 2214 1213 2277 ponere
1254 2195 1548 2258 decrevit.
1641 2194 1742 2255 die
1776 2198 1858 2261 18
1880 2194 2147 2255 Ianuarii
2187 2215 2427 2256 convo-

981 2281 1131 2341 catis
1168 2279 1503 2362 imperator
1542 2279 1840 2362 episcopis
1895 2280 2314 2342 ecclesiasticis
2362 2291 2428 2344 et

980 2367 1293 2430 monachis
1333 2368 1617 2431 dissentit
1647 2367 1725 2428 de
1757 2368 2009 2437 consilio
2052 2367 2165 2430 sibi
2205 2388 2421 2449 sugge-

980 2466 1078 2517 sto
1101 2466 1165 2516 et
1185 2466 1396 2518 secuto
1415 2468 1556 2539 post
1581 2456 1702 2517 hoc
1720 2466 1965 2534 eventu,
1989 2477 2211 2517 nomen
2228 2457 2423 2518 Atha-

983 2544 1131 2604 nasii
1159 2546 1438 2607 reticem.
1527 2544 1672 2618 inde
1700 2545 1800 2605 die
1838 2549 1917 2611 19
1946 2545 2216 2607 eiusdem
2247 2565 2427 2605 men-

979 2633 1060 2691 sis
1094 2633 1173 2693 ad
1204 2642 1460 2694 cunctos
1493 2653 1619 2694 uon
1661 2634 1860 2693 solum
1899 2632 2333 2693 ecclesiasticos
2362 2642 2427 2693 et

982 2719 1344 2798 monachos,
1389 2719 1497 2780 sed
1527 2731 1592 2780 et
1638 2721 1800 2781 cives
1840 2720 2172 2781 convenire
2208 2721 2425 2796 iussos,

980 2809 1337 2868 concionem
1372 2807 1437 2868 in
1487 2808 1745 2868 eandem
1792 2808 2150 2868 sententiam
2180 2806 2422 2884 habuit,

978 2894 1413 2960 commendans
1473 2893 1928 2960 innominatum
1983 2893 2188 2956 adhuc
2246 2894 2424 2956 illum

981 2981 1255 3043 vaticinii
1315 2991 1379 3043 et
1442 2982 1678 3043 consilii
1739 2982 2023 3043 salutaris
2087 2990 2424 3043 auctorem.

982 3079 1115 3129 tum
1148 3087 1228 3130 ex
1264 3068 1394 3151 ipsa
1427 3071 1752 3149 concione,
1796 3071 2103 3152 professus
2146 3068 2318 3129 adire
2359 3088 2428 3129 se

980 3155 1267 3238 protinus
1296 3157 1455 3219 velle
1479 3156 1846 3239 prophetam
1875 3156 2233 3234 beneficum,
2263 3166 2333 3218 ut
2357 3176 2424 3217 se

979 3253 1382 3323 sequerentur
1432 3245 1725 3308 invitavit
1783 3244 2137 3322 universos3
2213 3245 2424 3324 sicque

979 3332 1106 3391 fere
1152 3334 1391 3393 cunctis
1447 3332 1882 3397 comitantibus
1933 3351 1997 3393 se
2058 3333 2296 3391 confert
2339 3336 2421 3393 ad

978 3417 1412 3497 Athanasium,
1457 3441 1641 3500 quem
1684 3420 1884 3501 primo
1923 3420 2062 3480 visu
2100 3420 2422 3501 cpiscopo-

978 3526 1121 3567 rum
1150 3506 1421 3588 plerique
1456 3506 1871 3588 patriarcham
1902 3508 2420 3586 acclamaverunt,

981 3593 1350 3675 ad‚regimen
1383 3596 1663 3655 ecclesiae
1697 3597 2132 3657 resumendum
2156 3595 2418 3656 hortan—

980 3692 1090 3761 tes,
1140 3682 1271 3763 ipso
1302 3683 1447 3744 ficta
1471 3683 1766 3744 modestia
1799 3692 2135 3761 recusante,
2180 3693 2240 3742 et
2274 3693 2419 3741 tan-

980 3778 1115 3831 tum
1145 3778 1388 3851 petente
1413 3771 1901 3852 impetranteque
1944 3772 2149 3831 statim
2185 3771 2261 3829 ab
2298 3771 2418 3829 ini-

981 3866 1260 3938 peratore
1291 3859 1724 3919 auctoritatem
1758 3858 2115 3920 sublevandi
2165 3878 2419 3938 oppres-

980 3965 1099 4007 sos.
1186 3945 1354 4007 unde
1383 3947 1635 4026 contigit
1659 3949 1932 4008 omnium
1953 3966 2140 4028 paene
2171 3947 2232 4005 iu
2267 3966 2326 4003 un
2347 3946 2420 4004 bc

981 4050 1188 4092 rerum
1229 4053 1574 4115 supremam
1616 4044 1975 4116 potestatem
2023 4034 2132 4115 ipsi
2179 4034 2419 4107 desen-i,

981 4121 1215 4190 cunctis
1274 4121 1355 4180 ad
1411 4121 1585 4182 illum
1633 4141 1713 4182 ex
1759 4142 2142 4201 quocumque
2191 4120 2416 4180 iudicio

979 4209 1475 4287 provocantibus.
1542 4219 1878 4271 narrantur
1905 4210 2054 4269 hacc.
2083 4210 2272 4269 fusius
2299 4209 2374 4268 tri
2401 4245 2414 4251 -

979 4296 1094 4356 bus
1118 4295 1347 4357 ultimis
1376 4295 1675 4380 capitibus
1709 4298 1748 4357 l.
1786 4297 1829 4362 4
1859 4307 1921 4358 et
1954 4303 1978 4362 1
2037 4298 2078 4362 l.
2113 4298 2174 4363 5.

1068 4383 1368 4445 Dissensio
1461 4384 1811 4445 exardescit
1919 4374 2112 4445 inter'
2186 4384 2422 4463 cpisco-

983 4491 1096 4553 pos
1205 4471 1365 4533 circa
1439 4469 1841 4534 Athanasium
1869 4518 1886 4549 ,
1987 4492 2066 4531 an
2160 4470 2274 4530 rite
2376 4469 2424 4528 is

632 2544 643 2753 .-ι-οι*
631 1804 643 2523 cmm
