3084 4850
328 2586 510 2645 1³62ss

546 281 699 355 866
1158 287 1639 361 OBSERVAT.
1688 291 2169 364 PACHYMER.

573 446 691 491 Anni
764 445 1007 541 Βοωπέιιιιί

569 498 687 543 Chr.
753 511 854 542 nnn
886 499 907 542 1
926 513 952 541 a

788 549 858 593 tili
864 563 980 594 ιιιιιι

753 600 1006 660 cluna-ntis·
1024 631 1028 650 η
1046 604 1290 650 Andronici

1043 448 1317 560 mgffilffffil
1364 458 1575 517 missos
1634 479 1671 518 a
1718 461 2015 522 Galatinis
2073 463 2496 525 Genuensibus
2545 466 2796 527 sicarios

1368 544 1748 608 vulneratur.
1835 569 1964 610 eam
1991 548 2070 609 ob
2097 570 2225 611 rem
2245 551 2638 613 Andronicus
2665 556 2796 612 Ga·

550 716 715 781 ¹307
862 656 922 779 „3
1020 653 1030 814 ι
1128 716 1210 782 25
1363 634 1621 693 latenses
1651 636 1818 695 urbis
1846 637 2113 717 ingressu
2146 647 2328 703 arcet.
2416 639 2460 699 l.
2489 644 2530 704 6
2559 660 2614 706 e,
2643 644 2750 707 28.

1107 795 1191 840 101·
1221 795 1259 838 η
1449 735 1834 797 Andronicus
1877 741 2305 802 reconciliatur
2351 741 2796 822 Genuensibus‚

1053 797 1103 841 M
1128 810 1227 919 1¹2¹
1264 828 1275 840 ‘
1365 833 1422 882 et
1451 823 1817 906 appellentes
1857 826 1921 885 in
1949 827 2158 888 urbem
2190 829 2399 909 longas
2425 848 2643 888 eorum
2676 851 2794 890 na-

1364 931 1467 971 ves
1528 911 1785 971 sedecim
1857 922 2070 973 contra
2139 916 2389 975 classem
2441 916 2794 976 Catelanam

1362 998 1515 1058 duce
1555 998 1919 1079 Mpyrigerio
1969 1000 2108 1061 urbi
2150 1003 2482 1062 minantem
2526 1023 2794 1084 pugnare

1360 1085 1696 1165 persuadet.
1785 1106 2031 1161 omnes,
2072 1100 2315 1171 praeter
2341 1110 2568 1165 unam,
2612 1093 2790 1150 Cate-

1355 1172 1639 1232 lanorum
1668 1192 1854 1231 naves
1887 1173 1954 1232 ‘iu
1986 1174 2396 1236 Genuensium
2425 1186 2791 1257 potestatem

1356 1259 1636 1319 veniunt.
1737 1259 1870 1319 dux
1915 1258 2043 1340 ipse
2089 1261 2494 1344 Mpyrigerius
2534 1265 2789 1346 capitur.

1355 1345 1399 1405 1.
1441 1348 1480 1409 6
1513 1364 1568 1407 c.
1604 1346 1704 1410 29.

1444 1431 1578 1490 Duo
1605 1430 1866 1490 Romani
1895 1429 2113 1510 duces,
2160 1453 2197 1493 a
2228 1432 2527 1495 Michaele
2552 1436 2788 1496 iuniore

1358 1521 1629 1598 Augusto
1657 1536 1793 1577 cum
1826 1527 2003 1598 parte
2033 1522 2335 1581 exercitus
2364 1533 2585 1582 contra
2614 1525 2790 1582 Cate-

1358 1604 1526 1665 lanos
1551 1603 1733 1683 missi,
1755 1605 1832 1663 ab
1858 1605 1930 1664 iis
1959 1607 2022 1666 in
2045 1607 2294 1667 insidias
2317 1610 2622 1689 pertracti
2647 1611 2787 1672 vin·

1358 1703 1603 1752 cuntur.
1692 1691 1731 1753 1.
1757 1695 1796 1755 6
1826 1711 1876 1756 c.
1908 1695 2015 1758 30.

1443 1778 1682 1838 Plebem
1712 1778 1776 1837 in
1813 1778 1968 1838 urbe
2005 1778 2487 1842 tumultuantem
2521 1781 2785 1865 impera·

1359 1874 1460 1925 tor
1500 1864 1884 1925 Andronicus
1929 1866 2218 1925 concione
2261 1865 2471 1929 habita
2508 1870 2689 1931 minis
2727 1880 2786 1929 et

1357 1952 1602 2012 monitis
1632 1958 1885 2014 coercet.
1976 1952 2015 2012 l.
2044 1957 2082 2018 6
2110 1972 2161 2013 c.
2195 1957 2300 2018 81.

1446 2039 1654 2098 Iunior
1707 2039 2042 2118 imperator
2101 2038 2362 2099 Michael
2430 2040 2785 2101 universum

1360 2127 1696 2185 exercitum
1749 2135 1966 2185 contra
2001 2126 2318 2187 Catelanos
2369 2127 2496 2188 acie
2556 2129 2786 2188 instru-

1360 2224 1523 2273 ctum
1571 2213 1698 2294 ipse
1745 2212 2003 2273 ductans
2044 2214 2346 2288 vincitur,
2420 2224 2483 2274 et
2539 2214 2619 2275 de
2661 2216 2786 2276 vita

1264 2290 1276 2300 ”
1357 2299 1732 2381 periclitatus
1767 2318 1938 2380 aegre
1964 2300 2134 2378 fugit.
2221 2300 2261 2364 l.
2293 2305 2332 2366 6
2367 2320 2418 2361 c.
2450 2307 2556 2368 32.
2697 2299 2706 2307 ’

1444 2402 1717 2463 Maturae
1777 2412 1999 2484 segetes
2053 2404 2117 2465 in
2179 2404 2441 2485 campis,
2501 2405 2785 2466 collectas

1356 2491 1556 2570 fruges
1582 2492 1644 2551 in
1673 2490 1825 2550 areis
1858 2499 1922 2550 et
1968 2490 2127 2551 villis
2158 2511 2191 2549 a
2233 2492 2478 2551 rusticis
2517 2493 2786 2572 undique

1358 2577 1423 2637 in
1455 2577 1671 2637 urbem
1708 2577 2075 2657 fugientibus
2111 2577 2376 2655 relictae,
2403 2579 2468 2639 in
2497 2581 2786 2660 praedm

1359 2664 1781 2725 Catelanorum
1810 2664 2056 2724 cedunt.
2139 2665 2288 2725 ibid.

1446 2767 1609 2828 Duae
1640 2787 1824 2828 naves
1854 2767 2104 2827 bellicae
2132 2768 2543 2830 Genuensium
2571 2790 2785 2849 magna

1357 2853 1634 2915 mercede
1666 2856 1728 2914 in
1758 2854 2100 2915 bimestrem
2134 2857 2407 2916 militiam
2436 2857 2514 2915 ab
2537 2858 2786 2918 Andro—

1358 2943 1495 3003 nico
1531 2943 1896 3022 imperatore
1929 2942 2373 3005 conducuntur.
2462 2944 2615 3010 ibid.

1441 3029 1717 3089 Andreas
1760 3028 2057 3089 Muriscus
2107 3050 2218 3109 pro
2259 3030 2629 3110 imperatore
2664 3031 2785 3092 Te-

1357 3117 1582 3176 nedum
1613 3117 1909 3190 obsidens,
1941 3125 2266 3195 procurata
2302 3135 2411 3197 per
2438 3117 2788 3177 Genuenses

1360 3203 1685 3278 deditione,
1732 3222 1866 3262 arce
1895 3203 1995 3261 illa
2026 3203 2280 3283 potitur.
2365 3203 2405 3262 l.
2437 3207 2478 3267 6
2508 3224 2562 3262 c.
2594 3206 2698 3269 34.

1445 3288 1687 3348 Manuiil
1718 3287 2036 3348 Zacharias
2088 3287 2390 3348 Phocaeae
2435 3289 2786 3369 imperitans

1358 3375 1584 3434 insulas
1622 3375 1710 3435 illi
1756 3375 2096 3434 obiacentes
2127 3374 2436 3434 custodiae
2481 3395 2630 3435 suae
2666 3377 2786 3436 im-

1358 3482 1570 3521 munes
1621 3460 1894 3543 permitti
1949 3460 2025 3520 ab
2066 3460 2420 3522 Andronico
2474 3462 2785 3543 impetrat.

1356 3548 1507 3610 ibid.

1443 3631 1845 3714 Mpyrigerius
1889 3652 1922 3692 a
1953 3632 2371 3693 Genuensibus
2414 3633 2699 3715 captivus
2722 3634 2783 3694 in

1356 3721 1591 3782 Italiam
1618 3719 1959 3782 abducitur.
2044 3718 2090 3787 l.
2113 3724 2154 3785 7
2193 3740 2244 3784 c.
2278 3724 2341 3784 7.

1095 3934 1123 3964 ¹¹
1164 3934 1264 3966 ron.
1446 3927 1686 3988 incluso
1732 3925 2138 4009 Didymotichi
2181 3924 2471 3987 michaele
2514 3925 2780 4007 Augusto

1058 3984 1277 4104 3433&
1360 4014 1595 4075 iuniore
1638 4023 1778 4093 post
1816 4035 2080 4095 pugnam
2132 4014 2479 4089 adversam,
2524 4022 2587 4073 et
2637 4012 2781 4073 hinc

1362 4100 1899 4183 Osphentisthlabo
1936 4102 2196 4182 Balgaro
2241 4102 2581 4161 Romanum
2619 4098 2777 4159 limi-

1361 4198 1485 4248 tem
1520 4198 1812 4266 vexante,
1857 4187 1997 4249 inde
2030 4187 2324 4249 Catelanis
2370 4195 2590 4247 cuncta
2624 4186 2776 4245 inse-

1360 4276 1698 4354 stantibus,
1746 4275 2127 4337 Andronicus
2155 4276 2487 4356 imperator
2523 4273 2600 4333 de
2638 4288 2776 4351 pace

1360 4383 1500 4422 cum
1528 4363 1826 4425 Catelanis
1851 4381 1962 4446 per
1985 4362 2211 4443 legatos
2241 4360 2513 4444 callipoli
2536 4366 2775 4433 tractat,
